Gmt time,Ask,Bid,AskVolume,BidVolume
2021-08-26 00:00:00,4496.8634999999995,4496.245000000001,2709.9999,4499.9998
2021-08-26 00:00:02,4496.755,4496.066000000001,4499.9998,5389.9998
2021-08-26 00:00:12,4496.4580000000005,4495.742,4499.9998,5389.9998
2021-08-26 00:00:14,4496.246,4495.548,2249.9999,2249.9999
2021-08-26 00:00:17,4496.03875,4495.3994999999995,7209.999699999999,9889.9996
2021-08-26 00:00:28,4495.934,4495.2375,4499.9998,5389.9998
2021-08-26 00:00:29,4496.076000000001,4495.5495,2709.9999,4499.9998
2021-08-26 00:00:36,4496.356,4495.7405,2709.9999,4499.9998
2021-08-26 00:00:38,4496.6075,4496.0495,2709.9999,4499.9998
2021-08-26 00:00:39,4496.460999999999,4495.7405,4499.9998,5389.9998
2021-08-26 00:00:42,4496.755,4496.039000000001,2249.9999,2249.9999
2021-08-26 00:00:47,4496.4235,4495.766,4499.9998,5389.9998
2021-08-26 00:00:53,4496.261,4495.539000000001,4499.9998,5389.9998
2021-08-26 00:00:55,4495.946,4495.236,2249.9999,2249.9999
2021-08-26 00:00:58,4495.761,4495.0375,4499.9998,5389.9998
2021-08-26 00:01:07,4495.83425,4495.19575,5419.9998,8999.9996
2021-08-26 00:01:08,4495.758,4495.040500000001,4499.9998,5389.9998
2021-08-26 00:01:10,4495.787,4495.107666666667,4959.9998,6749.999699999999
2021-08-26 00:01:15,4495.50275,4494.895,7209.999699999999,9889.9996
2021-08-26 00:01:17,4495.36175,4494.662249999999,8999.9996,10779.9996
2021-08-26 00:01:19,4494.964,4494.245,2249.9999,2249.9999
2021-08-26 00:01:21,4495.0434000000005,4494.401400000001,9459.9996,12139.999499999998
2021-08-26 00:01:22,4495.206,4494.5375,2709.9999,4499.9998
2021-08-26 00:01:25,4495.356,4494.742,2709.9999,4499.9998
2021-08-26 00:01:32,4495.2294999999995,4494.539000000001,4499.9998,5389.9998
2021-08-26 00:01:39,4495.349,4494.6735,4499.9998,5389.9998
2021-08-26 00:01:54,4495.6045,4495.045,2709.9999,4499.9998
2021-08-26 00:01:56,4495.8544999999995,4495.236000000001,2709.9999,4499.9998
2021-08-26 00:02:04,4495.795749999999,4495.1525,7209.999699999999,9889.9996
2021-08-26 00:02:07,4495.755,4495.036,2249.9999,2249.9999
2021-08-26 00:02:09,4495.804,4495.155500000001,7209.999699999999,9889.9996
2021-08-26 00:02:27,4495.464,4494.754,2249.9999,2249.9999
2021-08-26 00:02:44,4495.576,4495.039000000001,2709.9999,4499.9998
2021-08-26 00:02:46,4495.460999999999,4494.7465,4499.9998,5389.9998
2021-08-26 00:02:47,4495.610500000001,4495.066000000001,2709.9999,4499.9998
2021-08-26 00:02:54,4495.455,4494.7405,4499.9998,5389.9998
2021-08-26 00:03:00,4495.6075,4495.036,2709.9999,4499.9998
2021-08-26 00:03:13,4495.452,4494.745,2249.9999,2249.9999
2021-08-26 00:03:19,4495.267,4494.599,2249.9999,2249.9999
2021-08-26 00:03:38,4494.9310000000005,4494.2495,4499.9998,5389.9998
2021-08-26 00:03:46,4495.0805,4494.5419999999995,2709.9999,4499.9998
2021-08-26 00:03:54,4494.9565,4494.266,4499.9998,5389.9998
2021-08-26 00:03:55,4495.106,4494.539000000001,2709.9999,4499.9998
2021-08-26 00:03:57,4494.960999999999,4494.2675,4499.9998,5389.9998
2021-08-26 00:04:10,4495.110500000001,4494.5495,2709.9999,4499.9998
2021-08-26 00:04:11,4494.9625,4494.2345000000005,4499.9998,5389.9998
2021-08-26 00:04:33,4495.035,4494.3965,7209.999699999999,9889.9996
2021-08-26 00:04:34,4495.1,4494.5495,2709.9999,4499.9998
2021-08-26 00:04:37,4494.9655,4494.273499999999,4499.9998,5389.9998
2021-08-26 00:05:01,4495.188999999999,4494.534666666666,4959.9998,6749.999699999999
2021-08-26 00:05:08,4494.9235,4494.2465,4499.9998,5389.9998
2021-08-26 00:05:10,4495.133250000001,4494.49125,5419.9998,8999.9996
2021-08-26 00:06:02,4495.3485,4494.745,2709.9999,4499.9998
2021-08-26 00:06:03,4495.255,4494.5435,4499.9998,5389.9998
2021-08-26 00:06:10,4494.925,4494.269,4499.9998,5389.9998
2021-08-26 00:06:11,4494.9935000000005,4494.3457499999995,7209.999699999999,9889.9996
2021-08-26 00:06:14,4494.7565,4494.069,4499.9998,5389.9998
2021-08-26 00:06:40,4494.8245,4494.2705000000005,2709.9999,4499.9998
2021-08-26 00:06:44,4494.758,4494.0405,4499.9998,5389.9998
2021-08-26 00:06:46,4494.815333333334,4494.1435,9919.9996,14389.999399999997
2021-08-26 00:06:52,4494.790500000001,4494.111666666667,9919.9996,14389.999399999997
2021-08-26 00:06:53,4494.898499999999,4494.2390000000005,2709.9999,4499.9998
2021-08-26 00:07:00,4494.780166666667,4494.125166666666,11709.999499999998,15279.999399999997
2021-08-26 00:07:16,4494.8135,4494.1435,2709.9999,4499.9998
2021-08-26 00:07:17,4494.755000000001,4494.0435,4499.9998,5389.9998
2021-08-26 00:07:18,4494.785,4494.1435,2709.9999,4499.9998
2021-08-26 00:07:19,4494.952,4494.242,2249.9999,2249.9999
2021-08-26 00:07:33,4494.8265,4494.1404999999995,4499.9998,5389.9998
2021-08-26 00:07:34,4494.7565,4494.039000000001,4499.9998,5389.9998
2021-08-26 00:08:01,4494.8575,4494.2675,2709.9999,4499.9998
2021-08-26 00:08:02,4494.7505,4494.040500000001,4499.9998,5389.9998
2021-08-26 00:08:22,4494.8305,4494.2375,2709.9999,4499.9998
2021-08-26 00:08:31,4494.764,4494.099,2249.9999,3139.9999
2021-08-26 00:08:32,4494.701,4494.039000000001,2249.9999,2249.9999
2021-08-26 00:08:39,4494.862,4494.245,2709.9999,4499.9998
2021-08-26 00:08:48,4495.1134999999995,4494.542,2709.9999,4499.9998
2021-08-26 00:08:57,4495.101,4494.442,2249.9999,3139.9999
2021-08-26 00:08:58,4495.170999999999,4494.504666666667,4959.9998,6749.999699999999
2021-08-26 00:09:01,4495.0335,4494.405500000001,7209.999699999999,9889.9996
2021-08-26 00:09:08,4494.9505,4494.2435000000005,4499.9998,5389.9998
2021-08-26 00:09:09,4495.258,4494.536,2249.9999,2249.9999
2021-08-26 00:09:12,4494.9565,4494.245000000001,4499.9998,5389.9998
2021-08-26 00:09:13,4495.109,4494.545,2709.9999,4499.9998
2021-08-26 00:09:28,4494.9310000000005,4494.2345000000005,4499.9998,5389.9998
2021-08-26 00:09:35,4495.060666666667,4494.446,4959.9998,7639.999699999999
2021-08-26 00:09:36,4494.961,4494.233,2249.9999,2249.9999
2021-08-26 00:10:22,4494.7235,4494.036,4499.9998,5389.9998
2021-08-26 00:10:34,4494.8476666666675,4494.175833333334,9919.9996,14389.999399999997
2021-08-26 00:10:35,4494.758,4494.069,4499.9998,5389.9998
2021-08-26 00:10:40,4494.8544999999995,4494.19875,5419.9998,8999.9996
2021-08-26 00:10:47,4495.249000000001,4494.542,2249.9999,2249.9999
2021-08-26 00:11:01,4495.461,4494.754,2249.9999,2249.9999
2021-08-26 00:11:38,4495.225,4494.5405,4499.9998,5389.9998
2021-08-26 00:12:26,4494.946,4494.248,2249.9999,2249.9999
2021-08-26 00:12:44,4494.7475,4494.045,4499.9998,5389.9998
2021-08-26 00:12:48,4494.946,4494.236,2249.9999,2249.9999
2021-08-26 00:13:02,4494.726500000001,4494.0435,4499.9998,5389.9998
2021-08-26 00:13:05,4494.8634999999995,4494.245,2709.9999,4499.9998
2021-08-26 00:13:28,4494.886333333333,4494.171333333333,6749.999699999999,7639.999699999999
2021-08-26 00:13:54,4495.106,4494.542,2709.9999,4499.9998
2021-08-26 00:13:56,4494.9535,4494.245,4499.9998,5389.9998
2021-08-26 00:14:01,4495.017,4494.395,7209.999699999999,9889.9996
2021-08-26 00:14:02,4495.055666666667,4494.44,4959.9998,6749.999699999999
2021-08-26 00:14:03,4495.111999999999,4494.539000000001,2709.9999,4499.9998
2021-08-26 00:14:04,4495.175,4494.4905,4499.9998,4499.9998
2021-08-26 00:14:05,4494.959500000001,4494.246499999999,4499.9998,5389.9998
2021-08-26 00:14:31,4494.8035,4494.0912499999995,8999.9996,10779.9996
2021-08-26 00:14:32,4494.8075,4494.139,2709.9999,4499.9998
2021-08-26 00:14:33,4494.785250000001,4494.06625,8999.9996,10779.9996
2021-08-26 00:14:34,4494.782,4494.0826,9459.9996,12139.999499999998
2021-08-26 00:14:35,4494.8462500000005,4494.207,5419.9998,8999.9996
2021-08-26 00:14:41,4494.758,4494.0765,4499.9998,5389.9998
2021-08-26 00:15:24,4494.467000000001,4493.751,4499.9998,5389.9998
2021-08-26 00:15:25,4494.568,4493.9405,2709.9999,4499.9998
2021-08-26 00:15:26,4494.595333333334,4493.915166666667,11709.999499999998,15279.999399999997
2021-08-26 00:15:34,4494.261,4493.536,4499.9998,5389.9998
2021-08-26 00:15:38,4494.306,4493.642,2709.9999,4499.9998
2021-08-26 00:15:39,4494.255,4493.5419999999995,4499.9998,5389.9998
2021-08-26 00:15:46,4494.3545,4493.7435000000005,2709.9999,4499.9998
2021-08-26 00:15:49,4494.767,4494.051,2249.9999,2249.9999
2021-08-26 00:15:51,4494.455,4493.733,2249.9999,2249.9999
2021-08-26 00:15:53,4494.579,4494.045,2709.9999,4499.9998
2021-08-26 00:15:55,4494.853000000001,4494.242,2709.9999,4499.9998
2021-08-26 00:16:31,4494.7505,4494.054,4499.9998,5389.9998
2021-08-26 00:16:32,4494.807500000001,4494.136,2709.9999,4499.9998
2021-08-26 00:16:33,4494.906,4494.245,2709.9999,4499.9998
2021-08-26 00:16:34,4494.755,4494.048000000001,4499.9998,5389.9998
2021-08-26 00:17:07,4494.4235,4493.7495,4499.9998,5389.9998
2021-08-26 00:17:08,4494.5805,4494.0435,2709.9999,4499.9998
2021-08-26 00:17:10,4494.681600000001,4493.9752,11249.999499999998,13029.999499999998
2021-08-26 00:17:12,4494.701,4494.099,2249.9999,2249.9999
2021-08-26 00:17:40,4494.833714285714,4494.161285714285,13959.999399999997,17529.999299999996
2021-08-26 00:17:44,4494.8575,4494.245,2709.9999,4499.9998
2021-08-26 00:17:45,4494.79525,4494.0935,8999.9996,10779.9996
2021-08-26 00:17:51,4494.8605,4494.21075,5419.9998,8999.9996
2021-08-26 00:17:53,4494.753500000001,4494.048000000001,4499.9998,5389.9998
2021-08-26 00:17:54,4494.763,4494.2390000000005,460.0,2249.9999
2021-08-26 00:17:55,4494.967000000001,4494.233,2249.9999,2249.9999
2021-08-26 00:17:56,4494.8475,4494.1435,4499.9998,5389.9998
2021-08-26 00:17:57,4494.915000000001,4494.242,2709.9999,4499.9998
2021-08-26 00:18:01,4494.8565,4494.146500000001,4499.9998,5389.9998
2021-08-26 00:18:03,4494.7565,4494.0435,4499.9998,5389.9998
2021-08-26 00:18:28,4494.955,4494.242,2249.9999,2249.9999
2021-08-26 00:18:43,4494.855,4494.175,4499.9998,5389.9998
2021-08-26 00:18:45,4494.725,4494.045,4499.9998,5389.9998
2021-08-26 00:19:08,4494.52975,4493.90325,7209.999699999999,9889.9996
2021-08-26 00:19:14,4494.461,4493.736,2249.9999,2249.9999
2021-08-26 00:19:59,4494.606,4494.0435,2709.9999,4499.9998
2021-08-26 00:20:00,4494.432,4493.892,2709.9999,4499.9998
2021-08-26 00:20:01,4494.701,4494.042,2249.9999,2249.9999
2021-08-26 00:20:06,4494.85,4494.2435000000005,2709.9999,4499.9998
2021-08-26 00:20:07,4494.7765,4494.088833333334,11709.999499999998,15279.999399999997
2021-08-26 00:20:09,4494.84125,4494.20925,7209.999699999999,9889.9996
2021-08-26 00:20:10,4494.767,4494.045,4499.9998,5389.9998
2021-08-26 00:20:15,4494.452,4493.739,4499.9998,5389.9998
2021-08-26 00:20:22,4494.394333333334,4493.681333333333,6749.999699999999,7639.999699999999
2021-08-26 00:20:23,4494.301,4493.645,2249.9999,3139.9999
2021-08-26 00:20:24,4494.3796,4493.6838,9459.9996,12139.999499999998
2021-08-26 00:20:25,4494.2625,4493.536,4499.9998,5389.9998
2021-08-26 00:20:33,4494.3075,4493.646500000001,2709.9999,4499.9998
2021-08-26 00:20:34,4494.404500000001,4493.736,2709.9999,4499.9998
2021-08-26 00:20:35,4494.349,4493.645,2249.9999,3139.9999
2021-08-26 00:20:36,4494.3859999999995,4493.706666666668,4959.9998,6749.999699999999
2021-08-26 00:20:37,4494.358,4493.6435,4499.9998,5389.9998
2021-08-26 00:20:38,4494.225,4493.5435,4499.9998,5389.9998
2021-08-26 00:20:40,4494.35675,4493.70775,5419.9998,8999.9996
2021-08-26 00:20:48,4494.6044999999995,4494.0509999999995,2709.9999,4499.9998
2021-08-26 00:20:50,4494.4535,4493.7675,4499.9998,5389.9998
2021-08-26 00:20:51,4494.761,4494.045,2249.9999,2249.9999
2021-08-26 00:20:53,4494.6595,4493.9465,4499.9998,5389.9998
2021-08-26 00:20:54,4494.700000000001,4494.0675,2709.9999,4499.9998
2021-08-26 00:21:01,4494.4565,4493.742,4499.9998,5389.9998
2021-08-26 00:21:31,4494.249000000001,4493.536,2249.9999,2249.9999
2021-08-26 00:22:27,4493.925,4493.2375,4499.9998,5389.9998
2021-08-26 00:22:31,4494.101500000001,4493.5375,2709.9999,4499.9998
2021-08-26 00:22:32,4493.961,4493.254,2249.9999,2249.9999
2021-08-26 00:22:53,4493.318666666667,4492.608666666667,6749.999699999999,7639.999699999999
2021-08-26 00:23:02,4492.955,4492.2495,4499.9998,5389.9998
2021-08-26 00:23:18,4493.079,4492.5735,2709.9999,4499.9998
2021-08-26 00:23:20,4493.035,4492.398,7209.999699999999,9889.9996
2021-08-26 00:23:21,4492.9595,4492.272,4499.9998,5389.9998
2021-08-26 00:23:22,4493.1,4492.5495,2709.9999,4499.9998
2021-08-26 00:23:25,4492.9625,4492.2435000000005,4499.9998,5389.9998
2021-08-26 00:23:27,4493.101500000001,4492.545,2709.9999,4499.9998
2021-08-26 00:23:52,4492.967000000001,4492.239,4499.9998,5389.9998
2021-08-26 00:24:00,4492.701,4492.039000000001,2249.9999,3139.9999
2021-08-26 00:24:01,4492.761,4492.033,2249.9999,2249.9999
2021-08-26 00:24:16,4492.4565,4491.736000000001,4499.9998,5389.9998
2021-08-26 00:24:35,4492.746,4492.099,2249.9999,2249.9999
2021-08-26 00:24:38,4492.461,4491.7390000000005,2249.9999,2249.9999
2021-08-26 00:25:01,4492.606,4492.045,2709.9999,4499.9998
2021-08-26 00:25:02,4492.460999999999,4491.7375,4499.9998,5389.9998
2021-08-26 00:25:17,4492.612,4492.0465,2709.9999,4499.9998
2021-08-26 00:25:25,4492.851500000001,4492.233,2709.9999,4499.9998
2021-08-26 00:25:27,4492.7595,4492.0435,4499.9998,5389.9998
2021-08-26 00:25:28,4492.7744999999995,4492.1675000000005,2709.9999,4499.9998
2021-08-26 00:25:29,4492.755,4492.066000000001,4499.9998,5389.9998
2021-08-26 00:25:37,4492.5675,4491.906166666667,11709.999499999998,15279.999399999997
2021-08-26 00:25:38,4492.712,4492.0435,2709.9999,4499.9998
2021-08-26 00:25:39,4492.4325,4491.7390000000005,4499.9998,5389.9998
2021-08-26 00:25:46,4492.261,4491.542,2249.9999,2249.9999
2021-08-26 00:25:50,4491.925,4491.2465,4499.9998,5389.9998
2021-08-26 00:25:51,4491.846,4491.136,2249.9999,2249.9999
2021-08-26 00:25:52,4491.768,4491.133666666667,4959.9998,6749.999699999999
2021-08-26 00:25:53,4491.77,4491.111500000001,7209.999699999999,9889.9996
2021-08-26 00:25:54,4491.818333333333,4491.177333333334,4959.9998,6749.999699999999
2021-08-26 00:25:55,4491.816625,4491.146125,14419.999399999997,19779.999199999995
2021-08-26 00:25:56,4491.761,4491.0765,4499.9998,5389.9998
2021-08-26 00:25:58,4492.0015,4491.572,2709.9999,4499.9998
2021-08-26 00:25:59,4492.01775,4491.38525,7209.999699999999,9889.9996
2021-08-26 00:26:02,4491.9295,4491.2675,4499.9998,5389.9998
2021-08-26 00:26:07,4492.079,4491.542,2709.9999,4499.9998
2021-08-26 00:26:10,4491.952,4491.254,4499.9998,5389.9998
2021-08-26 00:26:15,4492.109,4491.542,2709.9999,4499.9998
2021-08-26 00:26:16,4492.125,4491.4465,4499.9998,5389.9998
2021-08-26 00:26:17,4492.177500000001,4491.519166666667,9919.9996,14389.999399999997
2021-08-26 00:26:18,4491.9490000000005,4491.2435000000005,4499.9998,5389.9998
2021-08-26 00:26:22,4491.96,4491.542,460.0,2249.9999
2021-08-26 00:26:23,4492.258,4491.599,2249.9999,2249.9999
2021-08-26 00:26:30,4492.177500000001,4491.5107499999995,7209.999699999999,9889.9996
2021-08-26 00:26:35,4492.353000000001,4491.7765,2709.9999,4499.9998
2021-08-26 00:26:40,4492.2325,4491.5465,4499.9998,5389.9998
2021-08-26 00:26:48,4492.356,4491.7495,2709.9999,4499.9998
2021-08-26 00:27:01,4492.2235,4491.575000000001,4499.9998,5389.9998
2021-08-26 00:27:13,4492.2744999999995,4491.6404999999995,2709.9999,4499.9998
2021-08-26 00:27:14,4492.252,4491.5465,4499.9998,5389.9998
2021-08-26 00:27:17,4492.325333333333,4491.677333333334,4959.9998,6749.999699999999
2021-08-26 00:27:19,4492.3634999999995,4491.746499999999,2709.9999,4499.9998
2021-08-26 00:27:20,4492.38125,4491.71075,7209.999699999999,9889.9996
2021-08-26 00:27:37,4492.29225,4491.606250000001,8999.9996,10779.9996
2021-08-26 00:27:41,4492.3545,4491.746499999999,2709.9999,4499.9998
2021-08-26 00:27:44,4492.6,4492.0435,2709.9999,4499.9998
2021-08-26 00:27:45,4492.425,4491.745000000001,4499.9998,5389.9998
2021-08-26 00:27:46,4492.617,4492.01,7209.999699999999,9889.9996
2021-08-26 00:27:47,4492.7045,4492.0509999999995,2709.9999,4499.9998
2021-08-26 00:27:57,4492.820833333333,4492.185833333333,9919.9996,14389.999399999997
2021-08-26 00:28:20,4493.082,4492.5495,2709.9999,4499.9998
2021-08-26 00:28:21,4492.955,4492.233,4499.9998,5389.9998
2021-08-26 00:28:49,4493.1045,4492.5495,2709.9999,4499.9998
2021-08-26 00:28:51,4492.9595,4492.245000000001,4499.9998,5389.9998
2021-08-26 00:28:56,4493.068,4492.467500000001,2709.9999,4499.9998
2021-08-26 00:28:58,4492.946,4492.2525000000005,4499.9998,5389.9998
2021-08-26 00:29:19,4493.1075,4492.5375,2709.9999,4499.9998
2021-08-26 00:29:53,4493.0085,4492.351000000001,7209.999699999999,9889.9996
2021-08-26 00:29:54,4493.206,4492.539000000001,2709.9999,4499.9998
2021-08-26 00:30:02,4492.950500000001,4492.2435000000005,4499.9998,5389.9998
2021-08-26 00:30:03,4493.110777777778,4492.454777777778,16669.999299999996,22029.999099999994
2021-08-26 00:30:07,4492.9265,4492.2405,4499.9998,5389.9998
2021-08-26 00:30:28,4492.755,4492.0675,4499.9998,5389.9998
2021-08-26 00:30:31,4492.50475,4491.842000000001,7209.999699999999,9889.9996
2021-08-26 00:30:34,4492.66475,4491.989750000001,7209.999699999999,9889.9996
2021-08-26 00:30:35,4492.4655,4491.739,4499.9998,5389.9998
2021-08-26 00:30:39,4492.610500000001,4492.069,2709.9999,4499.9998
2021-08-26 00:30:43,4492.655,4491.939,2249.9999,2249.9999
2021-08-26 00:30:44,4492.7045,4492.042,2709.9999,4499.9998
2021-08-26 00:30:56,4492.9490000000005,4492.299,2249.9999,2249.9999
2021-08-26 00:31:00,4492.775000000001,4492.074333333333,11709.999499999998,15279.999399999997
2021-08-26 00:31:17,4492.902,4492.190500000001,4499.9998,4499.9998
2021-08-26 00:31:18,4492.726500000001,4492.0495,4499.9998,5389.9998
2021-08-26 00:31:20,4492.78275,4492.0965,7209.999699999999,9889.9996
2021-08-26 00:31:22,4492.862,4492.236000000001,2709.9999,4499.9998
2021-08-26 00:31:38,4493.110500000001,4492.539000000001,2709.9999,4499.9998
2021-08-26 00:32:02,4493.3575,4492.748,2709.9999,4499.9998
2021-08-26 00:32:11,4493.262500000001,4492.539000000001,4499.9998,5389.9998
2021-08-26 00:32:12,4493.455,4492.733,2249.9999,2249.9999
2021-08-26 00:32:13,4493.255,4492.539000000001,2249.9999,2249.9999
2021-08-26 00:32:51,4493.351500000001,4492.733,2709.9999,4499.9998
2021-08-26 00:32:52,4493.308,4492.6565,11709.999499999998,15279.999399999997
2021-08-26 00:33:27,4493.37975,4492.692000000001,7209.999699999999,9889.9996
2021-08-26 00:33:50,4493.609,4493.036,2709.9999,4499.9998
2021-08-26 00:34:15,4493.8575,4493.239,2709.9999,4499.9998
2021-08-26 00:34:27,4493.749,4493.0495,4499.9998,5389.9998
2021-08-26 00:34:28,4493.946,4493.233,2249.9999,2249.9999
2021-08-26 00:35:11,4493.7565,4493.0435,4499.9998,5389.9998
2021-08-26 00:35:32,4493.425,4492.739,4499.9998,5389.9998
2021-08-26 00:35:36,4493.6165,4493.0435,2709.9999,4499.9998
2021-08-26 00:35:54,4493.4325,4492.751,4499.9998,5389.9998
2021-08-26 00:36:01,4493.585,4493.0705,2709.9999,4499.9998
2021-08-26 00:36:38,4493.652,4492.936,2249.9999,2249.9999
2021-08-26 00:36:39,4493.4265,4492.7705000000005,4499.9998,5389.9998
2021-08-26 00:36:57,4493.6165,4493.0405,2709.9999,4499.9998
2021-08-26 00:37:06,4493.4595,4492.7375,4499.9998,5389.9998
2021-08-26 00:37:07,4493.767,4493.039000000001,2249.9999,2249.9999
2021-08-26 00:37:11,4493.630999999999,4492.940500000001,4499.9998,5389.9998
2021-08-26 00:37:13,4493.701500000001,4493.045,2709.9999,4499.9998
2021-08-26 00:37:14,4493.6784,4492.983200000001,9459.9996,13029.999499999998
2021-08-26 00:37:15,4493.525666666667,4492.816666666667,6749.999699999999,7639.999699999999
2021-08-26 00:37:17,4493.574500000001,4493.066000000001,2709.9999,4499.9998
2021-08-26 00:37:25,4493.55875,4492.86825,8999.9996,10779.9996
2021-08-26 00:37:27,4493.582,4493.0405,2709.9999,4499.9998
2021-08-26 00:37:28,4493.4565,4492.773499999999,4499.9998,5389.9998
2021-08-26 00:38:14,4493.255,4492.545,4499.9998,5389.9998
2021-08-26 00:39:01,4492.955,4492.2390000000005,2249.9999,2249.9999
2021-08-26 00:39:07,4492.761,4492.048,2249.9999,3139.9999
2021-08-26 00:39:08,4492.758,4492.099,2249.9999,2249.9999
2021-08-26 00:39:15,4492.856,4492.245000000001,2709.9999,4499.9998
2021-08-26 00:39:21,4492.701,4492.0465,4499.9998,5389.9998
2021-08-26 00:39:22,4492.832,4492.245,2709.9999,4499.9998
2021-08-26 00:39:36,4492.861000000001,4492.1404999999995,4499.9998,5389.9998
2021-08-26 00:39:37,4492.7789999999995,4492.105666666666,4959.9998,6749.999699999999
2021-08-26 00:39:38,4492.752,4492.048000000001,4499.9998,5389.9998
2021-08-26 00:40:14,4492.4595,4491.748,4499.9998,5389.9998
2021-08-26 00:40:15,4492.5635,4491.945,2709.9999,4499.9998
2021-08-26 00:40:16,4492.4235,4491.736,4499.9998,5389.9998
2021-08-26 00:40:19,4492.5275,4491.943499999999,2709.9999,4499.9998
2021-08-26 00:40:20,4492.452,4491.742,4499.9998,5389.9998
2021-08-26 00:40:23,4492.6045,4492.0735,2709.9999,4499.9998
2021-08-26 00:40:25,4492.593333333333,4491.882333333334,6749.999699999999,8529.9997
2021-08-26 00:40:26,4492.467000000001,4491.748,2249.9999,2249.9999
2021-08-26 00:40:28,4492.755,4492.036,2249.9999,2249.9999
2021-08-26 00:40:34,4492.4595,4491.7375,4499.9998,5389.9998
2021-08-26 00:40:40,4492.6005000000005,4491.9025,4499.9998,5389.9998
2021-08-26 00:40:46,4492.4490000000005,4491.745,2249.9999,2249.9999
2021-08-26 00:40:47,4492.526,4491.9405,2709.9999,4499.9998
2021-08-26 00:40:48,4492.4565,4491.751,4499.9998,5389.9998
2021-08-26 00:41:17,4492.5805,4492.0419999999995,2709.9999,4499.9998
2021-08-26 00:41:19,4492.455,4491.7375,4499.9998,5389.9998
2021-08-26 00:41:59,4492.601500000001,4492.039000000001,2709.9999,4499.9998
2021-08-26 00:42:54,4492.861999999999,4492.2405,2709.9999,4499.9998
2021-08-26 00:43:22,4493.106,4492.5465,2709.9999,4499.9998
2021-08-26 00:43:24,4492.9325,4492.2435000000005,4499.9998,5389.9998
2021-08-26 00:43:25,4493.103000000001,4492.5675,2709.9999,4499.9998
2021-08-26 00:43:27,4492.992249999999,4492.2927500000005,8999.9996,9889.9996
2021-08-26 00:43:31,4493.109,4492.599,2709.9999,4499.9998
2021-08-26 00:43:32,4492.946,4492.2390000000005,2249.9999,2249.9999
2021-08-26 00:43:35,4493.0335,4492.4705,2709.9999,4499.9998
2021-08-26 00:43:36,4493.1985,4492.575000000001,2709.9999,4499.9998
2021-08-26 00:44:02,4492.9565,4492.242,4499.9998,5389.9998
2021-08-26 00:44:29,4493.1134999999995,4492.5435,2709.9999,4499.9998
2021-08-26 00:44:30,4492.9295,4492.2435000000005,4499.9998,5389.9998
2021-08-26 00:44:32,4493.103000000001,4492.5675,2709.9999,4499.9998
2021-08-26 00:44:33,4492.9565,4492.248,4499.9998,5389.9998
2021-08-26 00:44:40,4493.1075,4492.5345,2709.9999,4499.9998
2021-08-26 00:45:03,4493.1295,4492.472,4499.9998,5389.9998
2021-08-26 00:45:07,4493.053,4492.344,6749.999699999999,7639.999699999999
2021-08-26 00:45:09,4493.109,4492.539000000001,2709.9999,4499.9998
2021-08-26 00:45:35,4492.9505,4492.2345000000005,4499.9998,5389.9998
2021-08-26 00:45:47,4493.0985,4492.566000000001,2709.9999,4499.9998
2021-08-26 00:46:00,4493.3575,4492.7345000000005,2709.9999,4499.9998
2021-08-26 00:46:03,4493.302333333333,4492.690333333333,4959.9998,6749.999699999999
2021-08-26 00:46:04,4493.261,4492.5435,4499.9998,5389.9998
2021-08-26 00:46:05,4493.446,4492.754,2249.9999,2249.9999
2021-08-26 00:46:12,4493.255,4492.539000000001,2249.9999,2249.9999
2021-08-26 00:46:24,4492.955,4492.248,4499.9998,5389.9998
2021-08-26 00:46:38,4492.764,4492.039000000001,4499.9998,5389.9998
2021-08-26 00:46:44,4492.455,4491.733,2249.9999,2249.9999
2021-08-26 00:47:08,4492.746,4492.048,2249.9999,2249.9999
2021-08-26 00:47:13,4492.452,4491.733,4499.9998,5389.9998
2021-08-26 00:47:14,4492.52,4491.895,7209.999699999999,9889.9996
2021-08-26 00:47:15,4492.63325,4491.989750000001,5419.9998,8999.9996
2021-08-26 00:47:41,4492.859,4492.272,2709.9999,4499.9998
2021-08-26 00:47:59,4492.7564999999995,4492.0495,4499.9998,5389.9998
2021-08-26 00:48:11,4492.457666666667,4491.806666666667,4959.9998,7639.999699999999
2021-08-26 00:48:12,4492.5458,4491.9116,9459.9996,12139.999499999998
2021-08-26 00:48:13,4492.6535,4491.9465,4499.9998,5389.9998
2021-08-26 00:48:14,4492.7105,4492.045,2709.9999,4499.9998
2021-08-26 00:48:38,4492.862,4492.242,2709.9999,4499.9998
2021-08-26 00:49:00,4493.13275,4492.49725,7209.999699999999,9889.9996
2021-08-26 00:49:01,4493.2075,4492.554,2709.9999,4499.9998
2021-08-26 00:49:04,4492.9325,4492.2765,4499.9998,5389.9998
2021-08-26 00:49:09,4492.753500000001,4492.042,4499.9998,5389.9998
2021-08-26 00:49:11,4492.856,4492.248,2709.9999,4499.9998
2021-08-26 00:49:17,4492.761,4492.051,4499.9998,5389.9998
2021-08-26 00:49:21,4492.785,4492.1990000000005,2709.9999,4499.9998
2021-08-26 00:49:22,4492.726500000001,4492.0375,4499.9998,5389.9998
2021-08-26 00:49:24,4492.785,4492.10775,7209.999699999999,9889.9996
2021-08-26 00:49:29,4492.8545,4492.2375,2709.9999,4499.9998
2021-08-26 00:49:30,4492.731,4492.0375,4499.9998,5389.9998
2021-08-26 00:49:32,4492.782,4492.146500000001,2709.9999,4499.9998
2021-08-26 00:49:38,4492.9045,4492.2405,2709.9999,4499.9998
2021-08-26 00:49:40,4492.80725,4492.11675,8999.9996,10779.9996
2021-08-26 00:50:35,4492.4565,4491.742,4499.9998,5389.9998
2021-08-26 00:50:44,4492.606,4492.048000000001,2709.9999,4499.9998
2021-08-26 00:50:48,4492.459500000001,4491.739,4499.9998,5389.9998
2021-08-26 00:51:07,4492.761,4492.099,2249.9999,2249.9999
2021-08-26 00:51:20,4492.441666666667,4491.847000000001,4959.9998,7639.999699999999
2021-08-26 00:51:21,4492.764,4492.099,2249.9999,2249.9999
2021-08-26 00:51:33,4492.4565,4491.7465,4499.9998,5389.9998
2021-08-26 00:51:35,4492.6065,4491.889,4499.9998,5389.9998
2021-08-26 00:51:49,4492.4595,4491.7435000000005,4499.9998,5389.9998
2021-08-26 00:51:55,4492.6075,4492.0375,2709.9999,4499.9998
2021-08-26 00:51:56,4492.5972,4491.9402,9459.9996,12139.999499999998
2021-08-26 00:52:23,4492.856,4492.2405,2709.9999,4499.9998
2021-08-26 00:52:36,4492.749,4492.045,4499.9998,5389.9998
2021-08-26 00:53:38,4492.450500000001,4491.751,4499.9998,5389.9998
2021-08-26 00:53:39,4492.6134999999995,4492.0435,2709.9999,4499.9998
2021-08-26 00:54:08,4492.4295,4491.745000000001,4499.9998,5389.9998
2021-08-26 00:54:12,4492.6105,4492.039000000001,2709.9999,4499.9998
2021-08-26 00:54:18,4492.4655,4491.7765,4499.9998,5389.9998
2021-08-26 00:54:21,4492.507,4491.84575,7209.999699999999,9889.9996
2021-08-26 00:54:25,4492.767,4492.054,2249.9999,2249.9999
2021-08-26 00:54:27,4492.4310000000005,4491.7435000000005,4499.9998,5389.9998
2021-08-26 00:54:29,4492.5605,4491.9435,2709.9999,4499.9998
2021-08-26 00:54:30,4492.507666666667,4491.804666666667,6749.999699999999,7639.999699999999
2021-08-26 00:54:31,4492.527333333333,4491.876333333334,4959.9998,6749.999699999999
2021-08-26 00:54:33,4492.679,4492.0675,2709.9999,4499.9998
2021-08-26 00:54:41,4492.461,4491.7465,4499.9998,5389.9998
2021-08-26 00:54:57,4492.633250000001,4492.0085,5419.9998,8999.9996
2021-08-26 00:54:58,4492.646,4491.942,2249.9999,2249.9999
2021-08-26 00:54:59,4492.49575,4491.8412499999995,7209.999699999999,9889.9996
2021-08-26 00:55:00,4492.685750000001,4491.99125,7209.999699999999,9889.9996
2021-08-26 00:55:03,4492.481666666667,4491.809666666667,11709.999499999998,15279.999399999997
2021-08-26 00:55:55,4492.6105,4492.0735,2709.9999,4499.9998
2021-08-26 00:56:43,4492.8075,4492.1375,2709.9999,4499.9998
2021-08-26 00:56:44,4492.7235,4492.0765,4499.9998,5389.9998
2021-08-26 00:57:20,4492.802,4492.245,2709.9999,4499.9998
2021-08-26 00:57:43,4493.115,4492.5765,2709.9999,4499.9998
2021-08-26 00:58:14,4493.1565,4492.436,4499.9998,5389.9998
2021-08-26 00:58:16,4493.16175,4492.49875,7209.999699999999,9889.9996
2021-08-26 00:58:17,4492.9580000000005,4492.233,4499.9998,5389.9998
2021-08-26 00:58:59,4493.1,4492.545,2709.9999,4499.9998
2021-08-26 00:59:10,4492.964,4492.2390000000005,2249.9999,3139.9999
2021-08-26 00:59:11,4492.961,4492.236,2249.9999,2249.9999
2021-08-26 00:59:40,4493.1165,4492.5375,2709.9999,4499.9998
2021-08-26 01:00:00,4492.9490000000005,4492.2390000000005,2249.9999,2249.9999
2021-08-26 01:00:01,4492.753500000001,4492.0435,4499.9998,5389.9998
2021-08-26 01:00:20,4492.827499999999,4492.242,2709.9999,4499.9998
2021-08-26 01:00:21,4492.749,4492.036,4499.9998,5389.9998
2021-08-26 01:00:25,4492.7985,4492.1494999999995,2709.9999,4499.9998
2021-08-26 01:00:26,4492.7625,4492.045,4499.9998,5389.9998
2021-08-26 01:00:28,4492.703,4492.133,460.0,2249.9999
2021-08-26 01:00:29,4492.876,4492.190500000001,7209.999699999999,8999.9996
2021-08-26 01:00:30,4492.755,4492.051,2249.9999,2249.9999
2021-08-26 01:00:34,4492.961,4492.236,2249.9999,2249.9999
2021-08-26 01:00:35,4492.88575,4492.20625,7209.999699999999,9889.9996
2021-08-26 01:01:01,4492.764,4492.042,2249.9999,2249.9999
2021-08-26 01:01:31,4492.434,4491.7465,4499.9998,5389.9998
2021-08-26 01:01:56,4492.252,4491.540500000001,4499.9998,5389.9998
2021-08-26 01:02:06,4491.964,4491.275,4499.9998,5389.9998
2021-08-26 01:02:13,4492.264,4491.542,2249.9999,2249.9999
2021-08-26 01:02:31,4492.3605,4491.766,2709.9999,4499.9998
2021-08-26 01:03:05,4492.249,4491.539000000001,4499.9998,5389.9998
2021-08-26 01:03:18,4491.952,4491.242,2249.9999,2249.9999
2021-08-26 01:04:06,4492.110500000001,4491.5465,2709.9999,4499.9998
2021-08-26 01:05:20,4492.321666666667,4491.7266666666665,4959.9998,7639.999699999999
2021-08-26 01:05:21,4492.397,4491.728666666667,4959.9998,6749.999699999999
2021-08-26 01:05:28,4492.336625,4491.67525,14419.999399999997,19779.999199999995
2021-08-26 01:06:05,4492.601500000001,4492.039000000001,2709.9999,4499.9998
2021-08-26 01:06:13,4492.464,4491.746499999999,4499.9998,5389.9998
2021-08-26 01:06:28,4492.226500000001,4491.575000000001,4499.9998,5389.9998
2021-08-26 01:06:29,4492.3575,4491.7465,2709.9999,4499.9998
2021-08-26 01:06:31,4492.3550000000005,4491.642,2249.9999,2249.9999
2021-08-26 01:06:32,4492.2294999999995,4491.572,4499.9998,5389.9998
2021-08-26 01:07:21,4492.360500000001,4491.7405,2709.9999,4499.9998
2021-08-26 01:07:22,4492.264,4491.533,2249.9999,2249.9999
2021-08-26 01:07:26,4492.3015,4491.639,2709.9999,4499.9998
2021-08-26 01:07:27,4492.31775,4491.6435,7209.999699999999,9889.9996
2021-08-26 01:08:40,4491.946,4491.2390000000005,2249.9999,2249.9999
2021-08-26 01:08:51,4491.725,4491.0345,4499.9998,5389.9998
2021-08-26 01:08:58,4491.459666666667,4490.844,4959.9998,7639.999699999999
2021-08-26 01:08:59,4491.767,4491.048,2249.9999,2249.9999
2021-08-26 01:09:04,4491.452,4490.7705000000005,4499.9998,5389.9998
2021-08-26 01:09:05,4491.15775,4490.27,7359.999699999999,10779.9996
2021-08-26 01:09:16,4490.7565,4490.0495,4499.9998,5389.9998
2021-08-26 01:09:18,4490.5275,4489.90475,7209.999699999999,9889.9996
2021-08-26 01:09:50,4490.4535,4489.7525000000005,4499.9998,5389.9998
2021-08-26 01:10:03,4490.234,4489.542,4499.9998,5389.9998
2021-08-26 01:10:15,4489.959500000001,4489.239,4499.9998,5389.9998
2021-08-26 01:10:26,4490.110500000001,4489.5765,2709.9999,4499.9998
2021-08-26 01:10:29,4490.3575,4489.733,2709.9999,4499.9998
2021-08-26 01:10:30,4490.246,4489.5465,4499.9998,5389.9998
2021-08-26 01:10:31,4490.353000000001,4489.7375,2709.9999,4499.9998
2021-08-26 01:10:45,4490.6075,4490.036,2709.9999,4499.9998
2021-08-26 01:11:16,4490.4655,4489.751,4499.9998,5389.9998
2021-08-26 01:11:19,4490.564,4489.919166666667,11709.999499999998,15279.999399999997
2021-08-26 01:11:29,4490.264,4489.539000000001,4499.9998,5389.9998
2021-08-26 01:11:36,4490.455,4489.754,2249.9999,2249.9999
2021-08-26 01:12:14,4490.5975,4489.887500000001,4499.9998,5389.9998
2021-08-26 01:12:16,4490.4655,4489.7525000000005,4499.9998,5389.9998
2021-08-26 01:12:17,4490.628000000001,4489.99575,5419.9998,8999.9996
2021-08-26 01:12:18,4490.532,4489.845,6749.999699999999,7639.999699999999
2021-08-26 01:12:19,4490.655,4489.987833333334,11709.999499999998,15279.999399999997
2021-08-26 01:12:20,4490.4655,4489.736000000001,4499.9998,5389.9998
2021-08-26 01:12:24,4490.698,4490.010666666667,4959.9998,6749.999699999999
2021-08-26 01:12:25,4490.504666666667,4489.826666666667,6749.999699999999,7639.999699999999
2021-08-26 01:12:27,4490.4580000000005,4489.742,4499.9998,5389.9998
2021-08-26 01:12:29,4490.5575,4489.942,2709.9999,4499.9998
2021-08-26 01:12:32,4490.715,4490.0375,2709.9999,4499.9998
2021-08-26 01:12:57,4490.964,4490.245,2249.9999,2249.9999
2021-08-26 01:13:15,4490.7595,4490.0435,4499.9998,5389.9998
2021-08-26 01:13:27,4490.85,4490.245,2709.9999,4499.9998
2021-08-26 01:13:46,4491.106,4490.540500000001,2709.9999,4499.9998
2021-08-26 01:13:49,4490.934,4490.2495,4499.9998,5389.9998
2021-08-26 01:13:54,4491.02225,4490.391250000001,7209.999699999999,9889.9996
2021-08-26 01:14:17,4490.8565,4490.148,4499.9998,5389.9998
2021-08-26 01:14:18,4490.8017500000005,4490.142,7209.999699999999,9889.9996
2021-08-26 01:14:20,4490.849,4490.1375,4499.9998,5389.9998
2021-08-26 01:14:21,4490.8745,4490.2465,2709.9999,4499.9998
2021-08-26 01:14:33,4490.87975,4490.1875,7209.999699999999,9889.9996
2021-08-26 01:14:34,4490.807250000001,4490.113,8999.9996,10779.9996
2021-08-26 01:14:36,4490.961,4490.251,2249.9999,2249.9999
2021-08-26 01:15:00,4490.7545,4490.1404999999995,2709.9999,4499.9998
2021-08-26 01:15:10,4490.4565,4489.7345000000005,4499.9998,5389.9998
2021-08-26 01:15:12,4490.5825,4489.886,4499.9998,5389.9998
2021-08-26 01:15:13,4490.664000000001,4489.948,2249.9999,2249.9999
2021-08-26 01:15:14,4490.6905,4490.007666666667,9919.9996,14389.999399999997
2021-08-26 01:15:19,4490.847,4490.2765,2709.9999,4499.9998
2021-08-26 01:15:20,4490.8730000000005,4490.1942500000005,7209.999699999999,9889.9996
2021-08-26 01:15:34,4491.101500000001,4490.5509999999995,2709.9999,4499.9998
2021-08-26 01:15:46,4491.356,4490.7405,2709.9999,4499.9998
2021-08-26 01:15:49,4491.6134999999995,4491.045,2709.9999,4499.9998
2021-08-26 01:15:59,4491.4490000000005,4490.7405,4499.9998,5389.9998
2021-08-26 01:16:11,4491.5275,4490.907,7209.999699999999,9889.9996
2021-08-26 01:16:14,4491.46,4491.099,460.0,2249.9999
2021-08-26 01:16:15,4491.758,4491.045,2249.9999,2249.9999
2021-08-26 01:16:26,4491.8105,4491.1435,2709.9999,4499.9998
2021-08-26 01:16:27,4491.912,4491.275,2709.9999,4499.9998
2021-08-26 01:16:28,4491.753500000001,4491.0435,4499.9998,5389.9998
2021-08-26 01:16:43,4491.467000000001,4490.7675,4499.9998,5389.9998
2021-08-26 01:16:44,4491.4905,4490.84725,7209.999699999999,9889.9996
2021-08-26 01:16:45,4491.612,4491.0705,2709.9999,4499.9998
2021-08-26 01:16:56,4491.826000000001,4491.2405,2709.9999,4499.9998
2021-08-26 01:16:58,4491.7595,4491.0465,4499.9998,5389.9998
2021-08-26 01:17:32,4491.326666666667,4490.627666666667,6749.999699999999,7639.999699999999
2021-08-26 01:17:56,4491.201,4490.536,2249.9999,2249.9999
2021-08-26 01:17:58,4491.282,4490.639,2709.9999,4499.9998
2021-08-26 01:17:59,4491.3745,4490.7495,2709.9999,4499.9998
2021-08-26 01:18:53,4491.264,4490.599,2249.9999,2249.9999
2021-08-26 01:19:05,4490.958,4490.254,2249.9999,3139.9999
2021-08-26 01:19:06,4490.901,4490.236,2249.9999,2249.9999
2021-08-26 01:19:08,4491.1134999999995,4490.5435,2709.9999,4499.9998
2021-08-26 01:19:12,4490.9965,4490.352500000001,7209.999699999999,9889.9996
2021-08-26 01:19:13,4491.258,4490.548,2249.9999,2249.9999
2021-08-26 01:19:17,4491.1505,4490.442,4499.9998,5389.9998
2021-08-26 01:19:18,4490.955,4490.236000000001,4499.9998,5389.9998
2021-08-26 01:19:23,4491.0053333333335,4490.369333333333,4959.9998,7639.999699999999
2021-08-26 01:19:24,4490.967000000001,4490.251,2249.9999,2249.9999
2021-08-26 01:19:25,4491.106,4490.5465,2709.9999,4499.9998
2021-08-26 01:19:48,4491.329,4490.7435000000005,2709.9999,4499.9998
2021-08-26 01:19:50,4491.27975,4490.595,7209.999699999999,9889.9996
2021-08-26 01:19:52,4491.409,4490.7375,2709.9999,4499.9998
2021-08-26 01:19:53,4491.615,4491.0495,2709.9999,4499.9998
2021-08-26 01:20:00,4491.4565,4490.7405,4499.9998,5389.9998
2021-08-26 01:20:02,4491.585,4491.0465,2709.9999,4499.9998
2021-08-26 01:20:03,4491.516250000001,4490.8905,7209.999699999999,9889.9996
2021-08-26 01:20:04,4491.685,4491.0086666666675,4959.9998,6749.999699999999
2021-08-26 01:20:06,4491.664,4490.99275,7209.999699999999,9889.9996
2021-08-26 01:20:07,4491.649,4490.999000000001,2249.9999,3139.9999
2021-08-26 01:20:08,4491.5851999999995,4490.9241999999995,9459.9996,12139.999499999998
2021-08-26 01:20:32,4491.601500000001,4491.0465,2709.9999,4499.9998
2021-08-26 01:20:37,4491.4580000000005,4490.736000000001,4499.9998,5389.9998
2021-08-26 01:20:39,4491.63025,4491.0085,5419.9998,8999.9996
2021-08-26 01:20:44,4491.4535,4490.7495,4499.9998,5389.9998
2021-08-26 01:20:46,4491.606,4491.045,2709.9999,4499.9998
2021-08-26 01:20:49,4491.557250000001,4490.857,8999.9996,10779.9996
2021-08-26 01:20:50,4491.652,4490.999000000001,2249.9999,2249.9999
2021-08-26 01:20:51,4491.4565,4490.7705000000005,4499.9998,5389.9998
2021-08-26 01:21:10,4491.6075,4491.045,2709.9999,4499.9998
2021-08-26 01:21:11,4491.664000000001,4490.966,4499.9998,5389.9998
2021-08-26 01:21:12,4491.464,4490.754,2249.9999,2249.9999
2021-08-26 01:21:35,4491.6,4491.048000000001,2709.9999,4499.9998
2021-08-26 01:21:36,4491.425,4490.745,4499.9998,5389.9998
2021-08-26 01:21:37,4491.5775,4491.0405,2709.9999,4499.9998
2021-08-26 01:21:39,4491.649,4490.933,2249.9999,3139.9999
2021-08-26 01:21:40,4491.6990000000005,4491.031666666667,4959.9998,6749.999699999999
2021-08-26 01:21:55,4491.86,4491.1942500000005,7209.999699999999,9889.9996
2021-08-26 01:21:56,4491.7654999999995,4491.039000000001,4499.9998,5389.9998
2021-08-26 01:22:01,4491.835,4491.269,2709.9999,4499.9998
2021-08-26 01:22:18,4492.1044999999995,4491.5435,2709.9999,4499.9998
2021-08-26 01:22:26,4491.955,4491.273499999999,4499.9998,5389.9998
2021-08-26 01:22:28,4492.249000000001,4491.545,2249.9999,2249.9999
2021-08-26 01:22:29,4492.149,4491.439,2249.9999,2249.9999
2021-08-26 01:22:30,4492.1985,4491.5419999999995,2709.9999,4499.9998
2021-08-26 01:22:31,4492.164000000001,4491.472,4499.9998,5389.9998
2021-08-26 01:22:32,4492.246,4491.554,2249.9999,2249.9999
2021-08-26 01:22:33,4491.9580000000005,4491.248,4499.9998,5389.9998
2021-08-26 01:22:43,4491.8550000000005,4491.1990000000005,2249.9999,3139.9999
2021-08-26 01:22:44,4491.781333333333,4491.080333333333,6749.999699999999,7639.999699999999
2021-08-26 01:22:45,4491.812,4491.145,2709.9999,4499.9998
2021-08-26 01:22:46,4491.9045,4491.269,2709.9999,4499.9998
2021-08-26 01:23:06,4491.7235,4491.0405,4499.9998,5389.9998
2021-08-26 01:23:12,4491.401,4490.799,4499.9998,5389.9998
2021-08-26 01:23:26,4491.252,4490.5495,4499.9998,5389.9998
2021-08-26 01:23:38,4490.961,4490.254,4499.9998,5389.9998
2021-08-26 01:23:40,4491.109,4490.539000000001,2709.9999,4499.9998
2021-08-26 01:23:41,4491.019,4490.343000000001,6749.999699999999,7639.999699999999
2021-08-26 01:23:46,4490.9565,4490.272,4499.9998,5389.9998
2021-08-26 01:23:53,4491.1105,4490.539000000001,2709.9999,4499.9998
2021-08-26 01:23:58,4491.161,4490.475,4499.9998,5389.9998
2021-08-26 01:23:59,4491.182,4490.5375,2709.9999,4499.9998
2021-08-26 01:24:07,4491.320666666667,4490.626666666666,6749.999699999999,7639.999699999999
2021-08-26 01:24:09,4491.360500000001,4490.745,2709.9999,4499.9998
2021-08-26 01:24:35,4491.249000000001,4490.545,2249.9999,2249.9999
2021-08-26 01:24:36,4491.359,4490.7435000000005,2709.9999,4499.9998
2021-08-26 01:24:47,4491.5305,4490.9375,2709.9999,4499.9998
2021-08-26 01:24:48,4491.6805,4491.036,2709.9999,4499.9998
2021-08-26 01:24:52,4491.538666666666,4490.946,4959.9998,6749.999699999999
2021-08-26 01:24:54,4491.425,4490.766,4499.9998,5389.9998
2021-08-26 01:25:42,4491.532,4490.9055,7209.999699999999,9889.9996
2021-08-26 01:26:13,4491.579,4491.0675,2709.9999,4499.9998
2021-08-26 01:26:31,4491.461,4490.799,2249.9999,2249.9999
2021-08-26 01:26:43,4491.574500000001,4491.045,2709.9999,4499.9998
2021-08-26 01:26:44,4491.455,4490.739,4499.9998,5389.9998
2021-08-26 01:27:54,4491.606,4491.0465,2709.9999,4499.9998
2021-08-26 01:27:58,4491.958,4491.299,2249.9999,2249.9999
2021-08-26 01:28:00,4491.7294999999995,4491.040500000001,4499.9998,5389.9998
2021-08-26 01:28:07,4491.860500000001,4491.242,2709.9999,4499.9998
2021-08-26 01:28:12,4491.761,4491.072,4499.9998,5389.9998
2021-08-26 01:28:13,4491.80925,4491.150250000001,7209.999699999999,9889.9996
2021-08-26 01:28:24,4491.838600000001,4491.1584,9459.9996,13029.999499999998
2021-08-26 01:28:25,4491.824714285714,4491.157428571429,13959.999399999997,17529.999299999996
2021-08-26 01:28:36,4491.460999999999,4490.736,4499.9998,5389.9998
2021-08-26 01:28:37,4491.6075,4491.0465,2709.9999,4499.9998
2021-08-26 01:28:53,4491.8575,4491.2525000000005,2709.9999,4499.9998
2021-08-26 01:29:22,4491.7505,4491.039000000001,4499.9998,5389.9998
2021-08-26 01:29:57,4491.667,4490.967500000001,4499.9998,5389.9998
2021-08-26 01:29:58,4491.4565,4490.7675,4499.9998,5389.9998
2021-08-26 01:29:59,4491.552,4491.0675,2709.9999,4499.9998
2021-08-26 01:30:03,4491.961,4491.233,2249.9999,2249.9999
2021-08-26 01:30:04,4491.767,4491.039000000001,2249.9999,2249.9999
2021-08-26 01:30:16,4491.460999999999,4490.754,4499.9998,5389.9998
2021-08-26 01:30:17,4491.6044999999995,4491.0405,2709.9999,4499.9998
2021-08-26 01:30:25,4491.52375,4490.8935,7209.999699999999,9889.9996
2021-08-26 01:30:27,4491.491166666668,4490.808166666667,11709.999499999998,15279.999399999997
2021-08-26 01:30:29,4491.574500000001,4491.0419999999995,2709.9999,4499.9998
2021-08-26 01:30:34,4491.461,4490.7390000000005,2249.9999,3139.9999
2021-08-26 01:30:35,4491.455,4490.745,2249.9999,2249.9999
2021-08-26 01:30:42,4491.258,4490.533,2249.9999,3139.9999
2021-08-26 01:30:43,4491.307333333333,4490.675333333334,4959.9998,6749.999699999999
2021-08-26 01:30:48,4491.267,4490.539000000001,2249.9999,2249.9999
2021-08-26 01:31:28,4491.266,4490.7390000000005,460.0,2249.9999
2021-08-26 01:31:29,4491.455,4490.751,2249.9999,2249.9999
2021-08-26 01:31:30,4491.3235,4490.654,4499.9998,5389.9998
2021-08-26 01:31:31,4491.253500000001,4490.5765,4499.9998,5389.9998
2021-08-26 01:31:35,4491.368,4490.7765,2709.9999,4499.9998
2021-08-26 01:31:48,4491.2294999999995,4490.540500000001,4499.9998,5389.9998
2021-08-26 01:31:52,4491.368,4490.7390000000005,2709.9999,4499.9998
2021-08-26 01:31:53,4491.356666666667,4490.695333333333,4959.9998,7639.999699999999
2021-08-26 01:31:54,4491.458,4490.733,2249.9999,2249.9999
2021-08-26 01:31:58,4491.201,4490.569,4499.9998,5389.9998
2021-08-26 01:32:01,4490.946,4490.242,2249.9999,2249.9999
2021-08-26 01:32:04,4491.1045,4490.540500000001,2709.9999,4499.9998
2021-08-26 01:32:06,4490.9580000000005,4490.2435000000005,4499.9998,5389.9998
2021-08-26 01:32:24,4491.0665,4490.421666666668,11709.999499999998,15279.999399999997
2021-08-26 01:32:25,4491.0805,4490.569,2709.9999,4499.9998
2021-08-26 01:32:30,4490.9580000000005,4490.248,4499.9998,5389.9998
2021-08-26 01:32:31,4491.201,4490.533,2249.9999,2249.9999
2021-08-26 01:32:35,4490.9655,4490.299,4499.9998,5389.9998
2021-08-26 01:32:47,4491.074500000001,4490.5735,2709.9999,4499.9998
2021-08-26 01:32:49,4491.1235,4490.436,4499.9998,5389.9998
2021-08-26 01:32:50,4491.0805,4490.454999999999,9919.9996,14389.999399999997
2021-08-26 01:32:52,4491.015666666667,4490.312666666668,6749.999699999999,7639.999699999999
2021-08-26 01:32:53,4490.958,4490.242,2249.9999,2249.9999
2021-08-26 01:32:57,4491.1,4490.5465,2709.9999,4499.9998
2021-08-26 01:32:58,4490.9535,4490.242,4499.9998,5389.9998
2021-08-26 01:33:00,4491.026,4490.407,7209.999699999999,9889.9996
2021-08-26 01:33:03,4491.109,4490.5435,2709.9999,4499.9998
2021-08-26 01:33:04,4490.9265,4490.248,4499.9998,5389.9998
2021-08-26 01:33:05,4490.951,4490.539000000001,460.0,2249.9999
2021-08-26 01:33:06,4491.126249999999,4490.4185,8999.9996,9889.9996
2021-08-26 01:33:13,4491.00325,4490.36,7209.999699999999,9889.9996
2021-08-26 01:33:18,4491.007,4490.34725,7209.999699999999,9889.9996
2021-08-26 01:33:19,4491.00175,4490.352125,14419.999399999997,19779.999199999995
2021-08-26 01:33:30,4490.725,4490.042,4499.9998,5389.9998
2021-08-26 01:33:50,4490.4580000000005,4489.746499999999,4499.9998,5389.9998
2021-08-26 01:33:55,4490.556666666666,4489.933,4959.9998,7639.999699999999
2021-08-26 01:33:56,4490.5922,4489.9378,7669.999699999999,11249.999499999998
2021-08-26 01:33:57,4490.455,4489.742,2249.9999,2249.9999
2021-08-26 01:33:58,4490.5985,4490.054,2709.9999,4499.9998
2021-08-26 01:33:59,4490.61025,4489.941375,16209.999299999996,20669.999199999995
2021-08-26 01:34:03,4490.2325,4489.5405,4499.9998,5389.9998
2021-08-26 01:34:18,4489.9655,4489.299,4499.9998,5389.9998
2021-08-26 01:34:22,4490.101500000001,4489.5375,2709.9999,4499.9998
2021-08-26 01:34:29,4489.959500000001,4489.245,4499.9998,5389.9998
2021-08-26 01:34:35,4490.249000000001,4489.551,2249.9999,2249.9999
2021-08-26 01:34:36,4490.05725,4489.342,8999.9996,10779.9996
2021-08-26 01:34:46,4489.749,4489.0735,4499.9998,5389.9998
2021-08-26 01:34:56,4489.535666666667,4488.981000000001,4959.9998,6749.999699999999
2021-08-26 01:35:00,4489.451999999999,4488.7765,4499.9998,5389.9998
2021-08-26 01:35:01,4489.2625,4488.542,4499.9998,5389.9998
2021-08-26 01:35:03,4489.029,4488.4055,7209.999699999999,9889.9996
2021-08-26 01:35:09,4489.455,4488.736,2249.9999,2249.9999
2021-08-26 01:35:10,4489.2235,4488.5495,4499.9998,5389.9998
2021-08-26 01:35:22,4489.359,4488.70775,5419.9998,8999.9996
2021-08-26 01:35:23,4489.29525,4488.59425,8999.9996,10779.9996
2021-08-26 01:35:59,4489.322833333334,4488.676833333334,9919.9996,14389.999399999997
2021-08-26 01:36:21,4489.6,4489.036,2709.9999,4499.9998
2021-08-26 01:36:22,4489.601,4488.945,2249.9999,2249.9999
2021-08-26 01:36:23,4489.451999999999,4488.745,4499.9998,5389.9998
2021-08-26 01:36:24,4489.5605000000005,4488.966,2709.9999,4499.9998
2021-08-26 01:36:25,4489.459500000001,4488.736000000001,4499.9998,5389.9998
2021-08-26 01:36:26,4489.532,4488.89875,7209.999699999999,9889.9996
2021-08-26 01:36:27,4489.5805,4489.0435,2709.9999,4499.9998
2021-08-26 01:36:28,4489.558666666667,4488.947,4959.9998,6749.999699999999
2021-08-26 01:36:29,4489.6535,4488.940500000001,4499.9998,5389.9998
2021-08-26 01:36:30,4489.4580000000005,4488.7705000000005,4499.9998,5389.9998
2021-08-26 01:36:33,4489.603,4489.0735,2709.9999,4499.9998
2021-08-26 01:36:39,4489.859,4489.242,2709.9999,4499.9998
2021-08-26 01:36:49,4490.083500000001,4489.5435,2709.9999,4499.9998
2021-08-26 01:36:50,4489.9565,4489.2405,4499.9998,5389.9998
2021-08-26 01:37:08,4489.764,4489.045,4499.9998,5389.9998
2021-08-26 01:37:41,4489.455,4488.754,2249.9999,2249.9999
2021-08-26 01:37:43,4489.603000000001,4489.042,2709.9999,4499.9998
2021-08-26 01:37:53,4489.79725,4489.1435,7209.999699999999,9889.9996
2021-08-26 01:37:54,4489.7858,4489.114600000001,9459.9996,12139.999499999998
2021-08-26 01:37:55,4489.80475,4489.142,7209.999699999999,9889.9996
2021-08-26 01:37:58,4489.890333333334,4489.189333333333,6749.999699999999,7639.999699999999
2021-08-26 01:38:00,4489.7505,4489.040500000001,4499.9998,5389.9998
2021-08-26 01:38:03,4489.754,4489.248,460.0,2249.9999
2021-08-26 01:38:04,4489.888333333333,4489.1793333333335,6749.999699999999,7639.999699999999
2021-08-26 01:38:05,4489.823333333333,4489.1535,9919.9996,14389.999399999997
2021-08-26 01:38:07,4490.101500000001,4489.5435,2709.9999,4499.9998
2021-08-26 01:38:21,4490.3634999999995,4489.751,2709.9999,4499.9998
2021-08-26 01:38:24,4490.2564999999995,4489.566000000001,4499.9998,5389.9998
2021-08-26 01:38:25,4490.2835,4489.59275,7209.999699999999,9889.9996
2021-08-26 01:38:26,4490.3575,4489.7495,2709.9999,4499.9998
2021-08-26 01:38:27,4490.352000000001,4489.645,4499.9998,5389.9998
2021-08-26 01:38:28,4490.2325,4489.5405,4499.9998,5389.9998
2021-08-26 01:38:29,4490.280500000001,4489.636,2709.9999,4499.9998
2021-08-26 01:38:30,4490.2733333333335,4489.582333333333,6749.999699999999,7639.999699999999
2021-08-26 01:38:31,4490.2555,4489.5858333333335,11709.999499999998,15279.999399999997
2021-08-26 01:38:32,4490.3412499999995,4489.66625,7209.999699999999,9889.9996
2021-08-26 01:38:52,4490.6075,4490.0735,2709.9999,4499.9998
2021-08-26 01:38:58,4490.535750000001,4489.8935,7209.999699999999,9889.9996
2021-08-26 01:39:00,4490.543,4489.85475,8999.9996,10779.9996
2021-08-26 01:39:02,4490.4935000000005,4489.856250000001,7209.999699999999,9889.9996
2021-08-26 01:39:12,4490.758,4490.039000000001,2249.9999,2249.9999
2021-08-26 01:39:13,4490.564,4489.920666666667,11709.999499999998,15279.999399999997
2021-08-26 01:39:14,4490.4490000000005,4489.7525000000005,4499.9998,5389.9998
2021-08-26 01:39:15,4490.574500000001,4490.045,2709.9999,4499.9998
2021-08-26 01:39:29,4490.8115,4490.142,7209.999699999999,9889.9996
2021-08-26 01:39:32,4490.8135,4490.139,2709.9999,4499.9998
2021-08-26 01:39:33,4490.952,4490.2390000000005,2249.9999,2249.9999
2021-08-26 01:39:50,4490.7294999999995,4490.0465,4499.9998,5389.9998
2021-08-26 01:40:40,4490.460999999999,4489.742,4499.9998,5389.9998
2021-08-26 01:40:59,4490.603000000001,4490.045,2709.9999,4499.9998
2021-08-26 01:41:56,4490.4625,4489.769,4499.9998,5389.9998
2021-08-26 01:42:34,4490.249000000001,4489.536,2249.9999,3139.9999
2021-08-26 01:42:35,4490.255,4489.533,2249.9999,2249.9999
2021-08-26 01:42:39,4490.368,4489.773499999999,2709.9999,4499.9998
2021-08-26 01:42:53,4490.258,4489.5675,4499.9998,5389.9998
2021-08-26 01:42:54,4490.332,4489.7405,2709.9999,4499.9998
2021-08-26 01:42:59,4490.355,4489.675,4499.9998,5389.9998
2021-08-26 01:43:00,4490.269,4489.576333333333,11709.999499999998,15279.999399999997
2021-08-26 01:43:09,4490.2570000000005,4489.799,460.0,2249.9999
2021-08-26 01:43:10,4490.377,4489.6964,11249.999499999998,13029.999499999998
2021-08-26 01:43:11,4490.264,4489.5435,4499.9998,5389.9998
2021-08-26 01:43:17,4490.324500000001,4489.7435000000005,2709.9999,4499.9998
2021-08-26 01:43:24,4490.264,4489.536,4499.9998,5389.9998
2021-08-26 01:43:28,4490.318,4489.674333333333,3169.9999,6749.999699999999
2021-08-26 01:43:29,4490.455,4489.799,2249.9999,2249.9999
2021-08-26 01:43:35,4490.26925,4489.6085,7209.999699999999,9889.9996
2021-08-26 01:43:36,4490.2972500000005,4489.642,7209.999699999999,9889.9996
2021-08-26 01:44:03,4490.652,4489.954000000001,2249.9999,2249.9999
2021-08-26 01:44:04,4490.5918,4489.9026,9459.9996,12139.999499999998
2021-08-26 01:44:06,4490.6523333333325,4489.9783333333335,6749.999699999999,7639.999699999999
2021-08-26 01:44:07,4490.654333333333,4489.990333333334,6749.999699999999,7639.999699999999
2021-08-26 01:44:09,4490.555,4489.858,6749.999699999999,7639.999699999999
2021-08-26 01:44:20,4490.4265,4489.7705000000005,4499.9998,5389.9998
2021-08-26 01:44:29,4490.701,4490.033,2249.9999,2249.9999
2021-08-26 01:44:30,4490.4580000000005,4489.775,4499.9998,5389.9998
2021-08-26 01:44:31,4490.764,4490.099,2249.9999,2249.9999
2021-08-26 01:44:32,4490.464,4489.754,2249.9999,3139.9999
2021-08-26 01:44:33,4490.4619999999995,4489.897999999999,2709.9999,4499.9998
2021-08-26 01:44:34,4490.701,4490.051,2249.9999,2249.9999
2021-08-26 01:44:37,4490.464,4489.7495,4499.9998,5389.9998
2021-08-26 01:45:06,4490.574500000001,4490.0465,2709.9999,4499.9998
2021-08-26 01:45:13,4490.442666666667,4489.847999999999,4959.9998,7639.999699999999
2021-08-26 01:45:14,4490.585999999999,4489.906857142858,13959.999399999997,17529.999299999996
2021-08-26 01:45:15,4490.6775,4489.9980000000005,7209.999699999999,9889.9996
2021-08-26 01:45:16,4490.706,4490.0495,2709.9999,4499.9998
2021-08-26 01:45:23,4490.425,4489.7405,4499.9998,5389.9998
2021-08-26 01:45:24,4490.601500000001,4490.048000000001,2709.9999,4499.9998
2021-08-26 01:45:25,4490.455,4489.748,4499.9998,5389.9998
2021-08-26 01:45:29,4490.566400000001,4489.9184000000005,9459.9996,12139.999499999998
2021-08-26 01:45:30,4490.587833333332,4489.915166666667,11709.999499999998,15279.999399999997
2021-08-26 01:45:31,4490.582,4490.0705,2709.9999,4499.9998
2021-08-26 01:45:32,4490.4295,4489.748,4499.9998,5389.9998
2021-08-26 01:45:35,4490.5605,4489.951000000001,2709.9999,4499.9998
2021-08-26 01:45:36,4490.701500000001,4490.0495,2709.9999,4499.9998
2021-08-26 01:45:37,4490.538833333333,4489.8758333333335,11709.999499999998,15279.999399999997
2021-08-26 01:45:38,4490.7075,4490.066000000001,2709.9999,4499.9998
2021-08-26 01:45:39,4490.6625,4489.9405,4499.9998,5389.9998
2021-08-26 01:45:41,4490.700000000001,4490.0509999999995,2709.9999,4499.9998
2021-08-26 01:45:42,4490.661,4489.945,2249.9999,2249.9999
2021-08-26 01:45:43,4490.709,4490.045,2709.9999,4499.9998
2021-08-26 01:45:44,4490.625,4489.9525,4499.9998,5389.9998
2021-08-26 01:45:45,4490.467000000001,4489.748,4499.9998,5389.9998
2021-08-26 01:45:46,4490.610500000001,4490.0765,2709.9999,4499.9998
2021-08-26 01:45:49,4490.4535,4489.7495,4499.9998,5389.9998
2021-08-26 01:45:57,4490.609,4490.0735,2709.9999,4499.9998
2021-08-26 01:46:05,4490.8575,4490.2465,2709.9999,4499.9998
2021-08-26 01:46:44,4490.807,4490.15775,7209.999699999999,9889.9996
2021-08-26 01:46:45,4490.8505000000005,4490.1990000000005,4499.9998,5389.9998
2021-08-26 01:46:46,4490.895,4490.207666666667,4959.9998,6749.999699999999
2021-08-26 01:46:47,4490.861666666667,4490.169333333334,4959.9998,7639.999699999999
2021-08-26 01:46:48,4490.761,4490.042,2249.9999,2249.9999
2021-08-26 01:46:57,4490.827,4490.173333333333,3169.9999,6749.999699999999
2021-08-26 01:46:58,4490.955,4490.251,2249.9999,2249.9999
2021-08-26 01:47:02,4490.79,4490.10325,8999.9996,10779.9996
2021-08-26 01:47:03,4490.8125,4490.086,4499.9998,4499.9998
2021-08-26 01:47:26,4490.835000000001,4490.245000000001,2709.9999,4499.9998
2021-08-26 01:47:30,4490.852000000001,4490.1375,4499.9998,5389.9998
2021-08-26 01:47:31,4490.758,4490.054,2249.9999,3139.9999
2021-08-26 01:47:32,4490.752,4490.099,2249.9999,2249.9999
2021-08-26 01:47:33,4490.793500000001,4490.16,7209.999699999999,9889.9996
2021-08-26 01:47:36,4490.809,4490.142,2709.9999,4499.9998
2021-08-26 01:47:37,4490.752,4490.0435,4499.9998,5389.9998
2021-08-26 01:48:35,4490.832,4490.2405,2709.9999,4499.9998
2021-08-26 01:49:12,4491.109,4490.5405,2709.9999,4499.9998
2021-08-26 01:49:13,4491.00175,4490.34425,7209.999699999999,9889.9996
2021-08-26 01:49:14,4491.2075,4490.575000000001,2709.9999,4499.9998
2021-08-26 01:49:40,4491.307500000001,4490.6405,2709.9999,4499.9998
2021-08-26 01:49:41,4491.382,4490.7525000000005,2709.9999,4499.9998
2021-08-26 01:49:58,4491.552,4491.0405,2709.9999,4499.9998
2021-08-26 01:50:00,4491.5275,4490.91,7209.999699999999,9889.9996
2021-08-26 01:50:11,4491.658,4490.939,2249.9999,2249.9999
2021-08-26 01:50:12,4491.487666666667,4490.806666666667,11709.999499999998,15279.999399999997
2021-08-26 01:50:34,4491.606,4491.042,2709.9999,4499.9998
2021-08-26 01:50:37,4491.54075,4490.87575,8999.9996,10779.9996
2021-08-26 01:50:38,4491.6044999999995,4491.0495,2709.9999,4499.9998
2021-08-26 01:50:50,4491.877200000001,4491.206800000001,9459.9996,12139.999499999998
2021-08-26 01:50:51,4491.876749999999,4491.19575,7209.999699999999,9889.9996
2021-08-26 01:50:53,4491.892000000001,4491.227666666667,4959.9998,6749.999699999999
2021-08-26 01:51:03,4492.034000000001,4491.363,6749.999699999999,7639.999699999999
2021-08-26 01:51:05,4492.1134999999995,4491.5495,2709.9999,4499.9998
2021-08-26 01:51:06,4492.176,4491.4995,7209.999699999999,9889.9996
2021-08-26 01:51:19,4492.455750000001,4491.9085000000005,7209.999699999999,9889.9996
2021-08-26 01:51:20,4492.612,4492.039000000001,2709.9999,4499.9998
2021-08-26 01:51:22,4492.425,4491.799,4499.9998,5389.9998
2021-08-26 01:51:37,4492.6045,4492.0735,2709.9999,4499.9998
2021-08-26 01:51:38,4492.682,4492.031666666667,4959.9998,6749.999699999999
2021-08-26 01:51:50,4492.8544999999995,4492.275,2709.9999,4499.9998
2021-08-26 01:52:03,4493.249000000001,4492.548,2249.9999,2249.9999
2021-08-26 01:52:05,4492.9595,4492.254,4499.9998,5389.9998
2021-08-26 01:52:11,4492.758,4492.033,2249.9999,2249.9999
2021-08-26 01:53:06,4492.450500000001,4491.745000000001,4499.9998,5389.9998
2021-08-26 01:53:36,4492.264,4491.540500000001,4499.9998,5389.9998
2021-08-26 01:53:38,4492.362000000001,4491.7405,2709.9999,4499.9998
2021-08-26 01:53:39,4492.30625,4491.65325,7209.999699999999,9889.9996
2021-08-26 01:53:41,4492.354399999999,4491.647400000001,11249.999499999998,13029.999499999998
2021-08-26 01:53:42,4492.201,4491.545,2249.9999,2249.9999
2021-08-26 01:53:43,4492.467000000001,4491.751,2249.9999,2249.9999
2021-08-26 01:53:46,4492.309499999999,4491.58975,8999.9996,10779.9996
2021-08-26 01:53:54,4492.308666666667,4491.647000000001,9919.9996,14389.999399999997
2021-08-26 01:53:55,4492.30775,4491.67275,7209.999699999999,9889.9996
2021-08-26 01:54:24,4492.755,4492.045,2249.9999,2249.9999
2021-08-26 01:54:25,4492.4235,4491.7675,4499.9998,5389.9998
2021-08-26 01:54:34,4492.764,4492.036,2249.9999,2249.9999
2021-08-26 01:54:35,4492.455,4491.775,4499.9998,5389.9998
2021-08-26 01:54:57,4492.3475,4491.642,4499.9998,5389.9998
2021-08-26 01:54:58,4492.2235,4491.5735,4499.9998,5389.9998
2021-08-26 01:55:02,4492.289333333333,4491.573333333333,6749.999699999999,7639.999699999999
2021-08-26 01:55:27,4492.032,4491.39425,7209.999699999999,9889.9996
2021-08-26 01:55:45,4491.9565,4491.239,4499.9998,5389.9998
2021-08-26 01:55:47,4491.951,4491.536,460.0,2249.9999
2021-08-26 01:55:48,4492.201,4491.554,2249.9999,2249.9999
2021-08-26 01:55:54,4492.16625,4491.52425,7209.999699999999,9889.9996
2021-08-26 01:56:05,4491.9310000000005,4491.239,4499.9998,5389.9998
2021-08-26 01:56:26,4491.7625,4491.099,4499.9998,5389.9998
2021-08-26 01:57:18,4491.849,4491.133,2249.9999,2249.9999
2021-08-26 01:57:19,4491.728,4491.054,4499.9998,5389.9998
2021-08-26 01:57:36,4491.4295,4490.7405,4499.9998,5389.9998
2021-08-26 01:57:37,4491.626333333333,4490.979333333334,4959.9998,6749.999699999999
2021-08-26 01:57:42,4491.545249999999,4490.839,8999.9996,10779.9996
2021-08-26 01:57:56,4491.6134999999995,4491.039000000001,2709.9999,4499.9998
2021-08-26 01:57:57,4491.6475,4490.976500000001,4499.9998,5389.9998
2021-08-26 01:57:58,4491.452,4490.742,4499.9998,5389.9998
2021-08-26 01:57:59,4491.5055,4490.848,7209.999699999999,9889.9996
2021-08-26 01:58:00,4491.50475,4490.85625,7209.999699999999,9889.9996
2021-08-26 01:58:17,4491.5985,4491.0435,2709.9999,4499.9998
2021-08-26 01:58:26,4491.5625,4490.848000000001,8999.9996,10779.9996
2021-08-26 01:58:27,4491.601500000001,4491.042,2709.9999,4499.9998
2021-08-26 01:58:41,4491.450500000001,4490.7495,4499.9998,5389.9998
2021-08-26 01:58:48,4491.5325,4490.922166666667,9919.9996,14389.999399999997
2021-08-26 01:58:49,4491.4875,4490.860000000001,7209.999699999999,9889.9996
2021-08-26 01:58:50,4491.509999999999,4490.863,7209.999699999999,8999.9996
2021-08-26 01:58:53,4491.63325,4490.98975,5419.9998,8999.9996
2021-08-26 01:58:54,4491.665666666668,4490.978333333333,4959.9998,7639.999699999999
2021-08-26 01:58:55,4491.517000000001,4490.856,6749.999699999999,7639.999699999999
2021-08-26 01:58:56,4491.5036666666665,4490.807666666667,6749.999699999999,7639.999699999999
2021-08-26 01:58:58,4491.609,4491.0465,2709.9999,4499.9998
2021-08-26 01:59:01,4491.4625,4490.745,4499.9998,5389.9998
2021-08-26 01:59:06,4491.749000000001,4491.099,2249.9999,2249.9999
2021-08-26 01:59:07,4491.4565,4490.751,4499.9998,5389.9998
2021-08-26 01:59:25,4491.615,4491.0375,2709.9999,4499.9998
2021-08-26 01:59:26,4491.452,4490.751,4499.9998,5389.9998
2021-08-26 01:59:48,4491.253500000001,4490.539000000001,4499.9998,5389.9998
2021-08-26 02:00:00,4491.461,4490.742,2249.9999,2249.9999
2021-08-26 02:00:03,4491.3133333333335,4490.650500000001,9919.9996,14389.999399999997
2021-08-26 02:00:07,4491.62125,4491.02275,5419.9998,8999.9996
2021-08-26 02:00:11,4491.50625,4490.85325,7209.999699999999,9889.9996
2021-08-26 02:00:12,4491.752,4491.054,2249.9999,2249.9999
2021-08-26 02:00:19,4491.860500000001,4491.2375,2709.9999,4499.9998
2021-08-26 02:00:20,4491.701,4491.051,2249.9999,3139.9999
2021-08-26 02:00:21,4491.764,4491.045,2249.9999,2249.9999
2021-08-26 02:00:22,4491.793333333334,4491.075333333333,6749.999699999999,7639.999699999999
2021-08-26 02:00:23,4491.793333333334,4491.073333333333,6749.999699999999,7639.999699999999
2021-08-26 02:00:24,4491.8150000000005,4491.1404999999995,2709.9999,4499.9998
2021-08-26 02:00:25,4491.7775,4491.111500000001,7209.999699999999,9889.9996
2021-08-26 02:00:26,4491.765,4491.083333333333,11709.999499999998,15279.999399999997
2021-08-26 02:00:28,4491.856,4491.19875,5419.9998,8999.9996
2021-08-26 02:00:33,4491.821571428572,4491.134142857142,13959.999399999997,17529.999299999996
2021-08-26 02:00:37,4491.865,4491.216,2709.9999,4499.9998
2021-08-26 02:00:38,4491.9015,4491.2375,2709.9999,4499.9998
2021-08-26 02:00:46,4491.752,4491.042,2249.9999,2249.9999
2021-08-26 02:00:54,4491.4235,4490.739,4499.9998,5389.9998
2021-08-26 02:00:56,4491.6044999999995,4491.0405,2709.9999,4499.9998
2021-08-26 02:01:02,4491.4490000000005,4490.7465,4499.9998,5389.9998
2021-08-26 02:01:28,4491.2625,4490.5765,4499.9998,5389.9998
2021-08-26 02:01:36,4491.360500000001,4490.745000000001,2709.9999,4499.9998
2021-08-26 02:01:37,4491.317666666667,4490.6106666666665,6749.999699999999,7639.999699999999
2021-08-26 02:01:41,4491.327499999999,4490.742,2709.9999,4499.9998
2021-08-26 02:01:42,4491.319666666667,4490.699333333334,4959.9998,7639.999699999999
2021-08-26 02:01:43,4491.4490000000005,4490.799,2249.9999,2249.9999
2021-08-26 02:01:48,4491.36175,4490.690500000001,7209.999699999999,9889.9996
2021-08-26 02:01:50,4491.2564999999995,4490.536,4499.9998,5389.9998
2021-08-26 02:02:02,4490.9565,4490.242,4499.9998,5389.9998
2021-08-26 02:02:03,4491.020833333333,4490.380833333334,9919.9996,14389.999399999997
2021-08-26 02:02:04,4491.2105,4490.5405,2709.9999,4499.9998
2021-08-26 02:02:05,4490.972666666667,4490.308166666667,11709.999499999998,15279.999399999997
2021-08-26 02:02:30,4490.755000000001,4490.045,4499.9998,5389.9998
2021-08-26 02:02:47,4490.781000000001,4490.095,4499.9998,5389.9998
2021-08-26 02:02:48,4490.764,4490.099,2249.9999,2249.9999
2021-08-26 02:02:49,4490.85,4490.272,2709.9999,4499.9998
2021-08-26 02:03:09,4490.761,4490.042,2249.9999,3139.9999
2021-08-26 02:03:10,4490.767,4490.051,2249.9999,2249.9999
2021-08-26 02:03:33,4490.748,4490.136,460.0,2249.9999
2021-08-26 02:03:34,4490.799333333333,4490.074333333334,6749.999699999999,7639.999699999999
2021-08-26 02:03:49,4490.8135,4490.1465,2709.9999,4499.9998
2021-08-26 02:03:50,4490.7595,4490.033,4499.9998,5389.9998
2021-08-26 02:04:01,4490.68425,4490.007750000001,7209.999699999999,9889.9996
2021-08-26 02:04:04,4490.50025,4489.8412499999995,7209.999699999999,9889.9996
2021-08-26 02:04:05,4490.50325,4489.85775,7209.999699999999,9889.9996
2021-08-26 02:04:06,4490.682000000001,4490.039000000001,2709.9999,4499.9998
2021-08-26 02:04:13,4490.6767500000005,4490.00475,7209.999699999999,9889.9996
2021-08-26 02:04:18,4490.4535,4489.7465,4499.9998,5389.9998
2021-08-26 02:04:31,4490.252,4489.5435,4499.9998,5389.9998
2021-08-26 02:04:32,4490.364666666667,4489.710333333333,4959.9998,6749.999699999999
2021-08-26 02:05:09,4490.267,4489.545,2249.9999,2249.9999
2021-08-26 02:05:15,4490.353,4489.7405,2709.9999,4499.9998
2021-08-26 02:05:22,4490.2564999999995,4489.5735,4499.9998,5389.9998
2021-08-26 02:05:23,4490.3545,4489.742,2709.9999,4499.9998
2021-08-26 02:06:03,4490.261,4489.533,2249.9999,2249.9999
2021-08-26 02:06:05,4489.9625,4489.2765,4499.9998,5389.9998
2021-08-26 02:06:26,4490.057500000001,4489.445,2709.9999,4499.9998
2021-08-26 02:06:27,4490.186500000001,4489.501,7209.999699999999,9889.9996
2021-08-26 02:06:28,4490.1985,4489.5465,2709.9999,4499.9998
2021-08-26 02:06:43,4489.9535,4489.272,4499.9998,5389.9998
2021-08-26 02:06:46,4489.9995,4489.481250000001,5419.9998,8999.9996
2021-08-26 02:07:01,4489.4295,4488.751,4499.9998,5389.9998
2021-08-26 02:07:06,4489.0012,4488.308599999999,11249.999499999998,13029.999499999998
2021-08-26 02:07:07,4489.106,4488.5509999999995,2709.9999,4499.9998
2021-08-26 02:07:11,4488.934,4488.2435000000005,4499.9998,5389.9998
2021-08-26 02:07:15,4488.762500000001,4488.0435,4499.9998,5389.9998
2021-08-26 02:07:17,4488.452,4487.799,2249.9999,2249.9999
2021-08-26 02:07:19,4488.582,4488.036,2709.9999,4499.9998
2021-08-26 02:07:27,4488.8245,4488.2705000000005,2709.9999,4499.9998
2021-08-26 02:07:35,4489.115,4488.5435,2709.9999,4499.9998
2021-08-26 02:07:37,4489.280499999999,4488.607,7209.999699999999,9889.9996
2021-08-26 02:07:39,4489.356,4488.745,2709.9999,4499.9998
2021-08-26 02:07:45,4489.764,4489.048,2249.9999,2249.9999
2021-08-26 02:07:57,4489.4535,4488.7435000000005,4499.9998,5389.9998
2021-08-26 02:08:03,4489.6075,4489.045,2709.9999,4499.9998
2021-08-26 02:08:10,4489.434,4488.745000000001,4499.9998,5389.9998
2021-08-26 02:08:13,4489.358,4488.636,4499.9998,5389.9998
2021-08-26 02:08:14,4489.2935,4488.648,7209.999699999999,9889.9996
2021-08-26 02:08:15,4489.261,4488.5495,4499.9998,5389.9998
2021-08-26 02:08:23,4488.826333333333,4487.864,5109.9998,7639.999699999999
2021-08-26 02:08:31,4488.8335,4488.269,2709.9999,4499.9998
2021-08-26 02:08:33,4489.258,4488.533,2249.9999,2249.9999
2021-08-26 02:08:34,4488.9295,4488.239,4499.9998,5389.9998
2021-08-26 02:08:40,4488.758,4488.039000000001,4499.9998,5389.9998
2021-08-26 02:08:50,4488.961,4488.251,2249.9999,2249.9999
2021-08-26 02:08:51,4488.7654999999995,4488.0435,4499.9998,5389.9998
2021-08-26 02:08:55,4488.859,4488.236000000001,2709.9999,4499.9998
2021-08-26 02:09:02,4488.78125,4488.09275,7209.999699999999,9889.9996
2021-08-26 02:09:03,4488.8145,4488.1585,7209.999699999999,9889.9996
2021-08-26 02:09:07,4488.888999999999,4488.2136666666665,4959.9998,6749.999699999999
2021-08-26 02:09:08,4488.755,4488.033,4499.9998,5389.9998
2021-08-26 02:09:09,4488.876,4488.235666666667,4959.9998,6749.999699999999
2021-08-26 02:09:19,4488.758,4488.0435,4499.9998,5389.9998
2021-08-26 02:09:20,4488.8575,4488.269,2709.9999,4499.9998
2021-08-26 02:09:37,4488.817666666667,4488.107666666667,6749.999699999999,8529.9997
2021-08-26 02:09:38,4488.758,4488.033,2249.9999,2249.9999
2021-08-26 02:09:40,4488.860500000001,4488.248,2709.9999,4499.9998
2021-08-26 02:09:41,4488.887333333333,4488.180333333334,6749.999699999999,7639.999699999999
2021-08-26 02:09:56,4488.8865000000005,4488.207,7209.999699999999,9889.9996
2021-08-26 02:10:06,4488.794000000001,4488.124666666667,4959.9998,6749.999699999999
2021-08-26 02:10:21,4488.8515,4488.248,2709.9999,4499.9998
2021-08-26 02:10:27,4489.010333333334,4488.391333333334,4959.9998,6749.999699999999
2021-08-26 02:10:29,4489.0545,4488.445,2709.9999,4499.9998
2021-08-26 02:10:30,4489.264,4488.539000000001,2249.9999,2249.9999
2021-08-26 02:10:44,4489.304,4488.645,7209.999699999999,9889.9996
2021-08-26 02:10:47,4489.3665,4488.739,2709.9999,4499.9998
2021-08-26 02:10:52,4489.3565,4488.6404999999995,4499.9998,5389.9998
2021-08-26 02:10:53,4489.255,4488.545,2249.9999,2249.9999
2021-08-26 02:11:59,4488.9490000000005,4488.242,2249.9999,3139.9999
2021-08-26 02:12:00,4488.901,4488.242,2249.9999,2249.9999
2021-08-26 02:12:06,4489.0805,4488.542,2709.9999,4499.9998
2021-08-26 02:12:08,4488.989666666667,4488.306666666667,6749.999699999999,7639.999699999999
2021-08-26 02:12:09,4488.996833333333,4488.3803333333335,9919.9996,14389.999399999997
2021-08-26 02:12:10,4489.097,4488.469,7669.999699999999,11249.999499999998
2021-08-26 02:12:12,4489.004,4488.34425,7209.999699999999,9889.9996
2021-08-26 02:12:14,4488.9580000000005,4488.2375,4499.9998,5389.9998
2021-08-26 02:12:23,4489.152,4488.451,2249.9999,2249.9999
2021-08-26 02:12:24,4488.934,4488.245,4499.9998,5389.9998
2021-08-26 02:12:27,4488.984999999999,4488.3602,7669.999699999999,12139.999499999998
2021-08-26 02:12:28,4489.183,4488.513666666667,4959.9998,6749.999699999999
2021-08-26 02:12:30,4489.1805,4488.49575,7209.999699999999,9889.9996
2021-08-26 02:12:31,4489.1505,4488.442,4499.9998,5389.9998
2021-08-26 02:12:32,4489.1835,4488.52125,7209.999699999999,9889.9996
2021-08-26 02:12:34,4488.9265,4488.2375,4499.9998,5389.9998
2021-08-26 02:12:36,4489.103,4488.5495,2709.9999,4499.9998
2021-08-26 02:12:37,4489.101,4488.439,2249.9999,3139.9999
2021-08-26 02:12:38,4489.149,4488.445,2249.9999,2249.9999
2021-08-26 02:12:40,4489.246,4488.545,2249.9999,2249.9999
2021-08-26 02:12:44,4489.3116666666665,4488.626666666667,6749.999699999999,7639.999699999999
2021-08-26 02:12:47,4489.359,4488.7675,2709.9999,4499.9998
2021-08-26 02:13:04,4489.7045,4489.269,2709.9999,4499.9998
2021-08-26 02:13:09,4489.4490000000005,4488.733,2249.9999,3139.9999
2021-08-26 02:13:10,4489.446,4488.748,2249.9999,2249.9999
2021-08-26 02:13:25,4489.603000000001,4489.040500000001,2709.9999,4499.9998
2021-08-26 02:13:26,4489.6687142857145,4489.0094285714285,12169.999499999998,16639.999299999996
2021-08-26 02:13:42,4489.8665,4489.239,2709.9999,4499.9998
2021-08-26 02:13:43,4489.7595,4489.0435,4499.9998,5389.9998
2021-08-26 02:13:47,4489.8135,4489.1720000000005,2709.9999,4499.9998
2021-08-26 02:13:48,4489.762500000001,4489.075000000001,4499.9998,5389.9998
2021-08-26 02:13:49,4489.8335,4489.242,2709.9999,4499.9998
2021-08-26 02:13:50,4489.783333333334,4489.076333333333,6749.999699999999,7639.999699999999
2021-08-26 02:13:53,4489.812,4489.1705,2709.9999,4499.9998
2021-08-26 02:13:54,4489.8147500000005,4489.13975,7209.999699999999,9889.9996
2021-08-26 02:13:57,4489.4580000000005,4488.7705000000005,4499.9998,5389.9998
2021-08-26 02:14:00,4489.563666666666,4488.944,4959.9998,6749.999699999999
2021-08-26 02:14:01,4489.51775,4488.91,7209.999699999999,9889.9996
2021-08-26 02:14:04,4489.764,4489.033,2249.9999,2249.9999
2021-08-26 02:14:14,4489.4625,4488.7375,4499.9998,5389.9998
2021-08-26 02:14:17,4489.559,4488.976500000001,2709.9999,4499.9998
2021-08-26 02:14:18,4489.7119999999995,4489.0465,2709.9999,4499.9998
2021-08-26 02:14:23,4489.498666666667,4488.806666666667,6749.999699999999,7639.999699999999
2021-08-26 02:14:27,4489.6230000000005,4488.974833333334,9919.9996,14389.999399999997
2021-08-26 02:14:29,4489.7045,4489.0405,2709.9999,4499.9998
2021-08-26 02:14:31,4489.434,4488.7375,4499.9998,5389.9998
2021-08-26 02:14:43,4489.615,4489.054,2709.9999,4499.9998
2021-08-26 02:14:53,4489.434,4488.7345000000005,4499.9998,5389.9998
2021-08-26 02:15:07,4489.755,4489.036,2249.9999,2249.9999
2021-08-26 02:15:17,4489.671333333333,4488.979333333334,6749.999699999999,7639.999699999999
2021-08-26 02:15:36,4489.4310000000005,4488.754,4499.9998,5389.9998
2021-08-26 02:15:46,4489.3095,4488.592000000001,8999.9996,10779.9996
2021-08-26 02:16:01,4488.955,4488.299,2249.9999,2249.9999
2021-08-26 02:16:02,4489.1165,4488.5465,2709.9999,4499.9998
2021-08-26 02:16:03,4489.055,4488.33825,8999.9996,10779.9996
2021-08-26 02:16:14,4488.7565,4488.039000000001,4499.9998,5389.9998
2021-08-26 02:16:16,4488.856,4488.273499999999,2709.9999,4499.9998
2021-08-26 02:16:25,4488.758,4488.072,4499.9998,5389.9998
2021-08-26 02:16:27,4488.8341,4488.168,17129.999299999996,24279.998999999993
2021-08-26 02:16:28,4488.9105,4488.2435000000005,2709.9999,4499.9998
2021-08-26 02:16:40,4489.0985,4488.5435,2709.9999,4499.9998
2021-08-26 02:16:42,4489.187333333333,4488.476333333333,6749.999699999999,7639.999699999999
2021-08-26 02:16:45,4489.166333333334,4488.480333333333,6749.999699999999,7639.999699999999
2021-08-26 02:16:54,4489.036,4488.347000000001,6749.999699999999,7639.999699999999
2021-08-26 02:17:13,4489.3165,4488.673500000001,2709.9999,4499.9998
2021-08-26 02:17:14,4489.361666666667,4488.674333333333,4959.9998,6749.999699999999
2021-08-26 02:17:17,4489.161,4488.448,4499.9998,5389.9998
2021-08-26 02:17:18,4489.17975,4488.51,7209.999699999999,9889.9996
2021-08-26 02:17:19,4488.9565,4488.242,4499.9998,5389.9998
2021-08-26 02:17:20,4489.13575,4488.496499999999,7209.999699999999,9889.9996
2021-08-26 02:17:21,4488.9625,4488.248,4499.9998,5389.9998
2021-08-26 02:17:46,4488.728,4488.042,4499.9998,5389.9998
2021-08-26 02:17:57,4488.835000000001,4488.2465,2709.9999,4499.9998
2021-08-26 02:18:00,4488.749000000001,4488.0465,4499.9998,5389.9998
2021-08-26 02:18:01,4488.856,4488.2705000000005,2709.9999,4499.9998
2021-08-26 02:18:02,4488.755,4488.045,4499.9998,5389.9998
2021-08-26 02:18:03,4488.780500000001,4488.095,7209.999699999999,9889.9996
2021-08-26 02:18:06,4488.835,4488.2435000000005,2709.9999,4499.9998
2021-08-26 02:19:31,4488.758,4488.045,2249.9999,2249.9999
2021-08-26 02:20:10,4488.827499999999,4488.242,2709.9999,4499.9998
2021-08-26 02:20:19,4489.1362500000005,4488.52275,5419.9998,8999.9996
2021-08-26 02:20:20,4488.964,4488.251,2249.9999,2249.9999
2021-08-26 02:20:28,4489.0176666666675,4488.310666666667,6749.999699999999,7639.999699999999
2021-08-26 02:20:33,4489.115,4488.5765,2709.9999,4499.9998
2021-08-26 02:20:34,4489.164000000001,4488.433,4499.9998,5389.9998
2021-08-26 02:20:35,4489.2119999999995,4488.5435,2709.9999,4499.9998
2021-08-26 02:20:36,4489.188,4488.51225,7209.999699999999,9889.9996
2021-08-26 02:20:50,4488.9655,4488.266,4499.9998,5389.9998
2021-08-26 02:20:54,4489.258,4488.548,2249.9999,2249.9999
2021-08-26 02:21:03,4488.941666666667,4488.312666666667,4959.9998,7639.999699999999
2021-08-26 02:21:04,4489.100666666667,4488.412666666667,6749.999699999999,6749.999699999999
2021-08-26 02:21:06,4489.101,4488.439,2249.9999,2249.9999
2021-08-26 02:21:07,4488.978000000001,4488.3244,9459.9996,12139.999499999998
2021-08-26 02:21:08,4489.029,4488.451000000001,2709.9999,4499.9998
2021-08-26 02:21:09,4489.2165,4488.5465,2709.9999,4499.9998
2021-08-26 02:21:10,4489.161,4488.448,2249.9999,2249.9999
2021-08-26 02:21:11,4489.264,4488.545,2249.9999,2249.9999
2021-08-26 02:21:12,4489.149,4488.433,2249.9999,2249.9999
2021-08-26 02:21:13,4489.18875,4488.504,7209.999699999999,9889.9996
2021-08-26 02:21:14,4489.2015,4488.5375,2709.9999,4499.9998
2021-08-26 02:21:30,4488.960999999999,4488.2765,4499.9998,5389.9998
2021-08-26 02:21:45,4489.079,4488.5435,2709.9999,4499.9998
2021-08-26 02:21:48,4489.168500000001,4488.50625,7209.999699999999,9889.9996
2021-08-26 02:21:49,4489.161,4488.442,4499.9998,5389.9998
2021-08-26 02:21:51,4489.2029999999995,4488.5765,2709.9999,4499.9998
2021-08-26 02:21:56,4489.05725,4488.34575,8999.9996,10779.9996
2021-08-26 02:22:08,4489.106,4488.540500000001,2709.9999,4499.9998
2021-08-26 02:22:21,4488.955,4488.2435000000005,4499.9998,5389.9998
2021-08-26 02:22:23,4489.109,4488.5675,2709.9999,4499.9998
2021-08-26 02:22:26,4489.1535,4488.451,4499.9998,5389.9998
2021-08-26 02:22:27,4488.9565,4488.2435000000005,4499.9998,5389.9998
2021-08-26 02:22:44,4488.701,4488.033,2249.9999,2249.9999
2021-08-26 02:23:50,4488.4535,4487.7405,4499.9998,5389.9998
2021-08-26 02:24:03,4488.2475,4487.5495,4499.9998,5389.9998
2021-08-26 02:24:09,4488.455,4487.754,2249.9999,2249.9999
2021-08-26 02:24:10,4488.231,4487.5375,4499.9998,5389.9998
2021-08-26 02:24:18,4488.3748,4487.7038,9459.9996,12139.999499999998
2021-08-26 02:24:20,4488.352,4487.693499999999,7209.999699999999,9889.9996
2021-08-26 02:24:33,4488.252,4487.5345,4499.9998,5389.9998
2021-08-26 02:24:35,4488.401,4487.754,2249.9999,2249.9999
2021-08-26 02:24:40,4488.249,4487.5435,4499.9998,5389.9998
2021-08-26 02:24:50,4488.359,4487.742,2709.9999,4499.9998
2021-08-26 02:24:51,4488.3535,4487.6705,4499.9998,5389.9998
2021-08-26 02:24:52,4488.3805,4487.707,7209.999699999999,9889.9996
2021-08-26 02:24:53,4488.379,4487.7356666666665,9919.9996,14389.999399999997
2021-08-26 02:24:54,4488.3715,4487.69125,7209.999699999999,9889.9996
2021-08-26 02:25:26,4488.6274,4488.005,7669.999699999999,12139.999499999998
2021-08-26 02:25:27,4488.701,4488.054,2249.9999,2249.9999
2021-08-26 02:25:28,4488.55575,4487.85025,8999.9996,10779.9996
2021-08-26 02:25:29,4488.529,4487.948,2709.9999,4499.9998
2021-08-26 02:25:30,4488.50925,4487.8465,7209.999699999999,9889.9996
2021-08-26 02:25:31,4488.4310000000005,4487.7765,4499.9998,5389.9998
2021-08-26 02:25:32,4488.601500000001,4488.045,2709.9999,4499.9998
2021-08-26 02:25:46,4488.862,4488.239,2709.9999,4499.9998
2021-08-26 02:25:48,4488.758,4488.0509999999995,4499.9998,5389.9998
2021-08-26 02:25:52,4488.952,4488.242,2249.9999,2249.9999
2021-08-26 02:26:34,4488.828,4488.151,4499.9998,5389.9998
2021-08-26 02:26:35,4488.880499999999,4488.242,2709.9999,4499.9998
2021-08-26 02:26:42,4488.701,4488.051,2249.9999,2249.9999
2021-08-26 02:26:52,4488.4565,4487.7345000000005,4499.9998,5389.9998
2021-08-26 02:26:58,4488.752,4488.036,2249.9999,2249.9999
2021-08-26 02:26:59,4488.5035,4487.8905,7209.999699999999,9889.9996
2021-08-26 02:27:05,4488.467000000001,4487.751,2249.9999,2249.9999
2021-08-26 02:27:07,4488.611999999999,4488.0525,2709.9999,4499.9998
2021-08-26 02:27:10,4488.459500000001,4487.7375,4499.9998,5389.9998
2021-08-26 02:27:42,4488.5335000000005,4487.91975,7209.999699999999,9889.9996
2021-08-26 02:27:44,4488.612,4488.036,2709.9999,4499.9998
2021-08-26 02:27:45,4488.6535,4487.936,4499.9998,5389.9998
2021-08-26 02:27:46,4488.460999999999,4487.799,4499.9998,5389.9998
2021-08-26 02:27:48,4488.661,4487.999000000001,2249.9999,2249.9999
2021-08-26 02:27:50,4488.561000000001,4487.844000000001,6749.999699999999,7639.999699999999
2021-08-26 02:27:55,4488.606,4488.075000000001,2709.9999,4499.9998
2021-08-26 02:27:56,4488.4655,4487.772,4499.9998,5389.9998
2021-08-26 02:27:57,4488.749000000001,4488.054,2249.9999,2249.9999
2021-08-26 02:28:01,4488.523666666667,4487.849666666666,6749.999699999999,7639.999699999999
2021-08-26 02:28:11,4488.603000000001,4488.039000000001,2709.9999,4499.9998
2021-08-26 02:28:41,4488.428,4487.7405,4499.9998,5389.9998
2021-08-26 02:29:03,4488.246,4487.539000000001,2249.9999,2249.9999
2021-08-26 02:29:51,4487.9535,4487.2375,4499.9998,5389.9998
2021-08-26 02:29:55,4488.110500000001,4487.539000000001,2709.9999,4499.9998
2021-08-26 02:29:56,4487.9490000000005,4487.233,2249.9999,3139.9999
2021-08-26 02:29:57,4487.967000000001,4487.236,2249.9999,2249.9999
2021-08-26 02:30:03,4488.079,4487.5375,2709.9999,4499.9998
2021-08-26 02:30:10,4487.9535,4487.245,4499.9998,5389.9998
2021-08-26 02:30:12,4488.082,4487.5705,2709.9999,4499.9998
2021-08-26 02:30:13,4487.952,4487.248,4499.9998,5389.9998
2021-08-26 02:30:34,4487.7475,4487.0465,4499.9998,5389.9998
2021-08-26 02:31:10,4487.791166666667,4487.160499999999,9919.9996,14389.999399999997
2021-08-26 02:31:11,4487.7565,4487.045,4499.9998,5389.9998
2021-08-26 02:31:12,4487.955,4487.245,2249.9999,2249.9999
2021-08-26 02:31:24,4487.753500000001,4487.0375,4499.9998,5389.9998
2021-08-26 02:31:26,4487.8485,4487.248,2709.9999,4499.9998
2021-08-26 02:31:32,4487.846,4487.154,2249.9999,2249.9999
2021-08-26 02:31:33,4487.7475,4487.0765,4499.9998,5389.9998
2021-08-26 02:31:37,4487.961,4487.299,2249.9999,2249.9999
2021-08-26 02:31:44,4487.7565,4487.0435,4499.9998,5389.9998
2021-08-26 02:31:50,4487.852999999999,4487.2435000000005,2709.9999,4499.9998
2021-08-26 02:32:02,4487.758,4487.0765,4499.9998,5389.9998
2021-08-26 02:32:04,4487.868,4487.2495,2709.9999,4499.9998
2021-08-26 02:32:27,4488.246,4487.548,2249.9999,2249.9999
2021-08-26 02:33:01,4487.955,4487.236000000001,4499.9998,5389.9998
2021-08-26 02:33:29,4488.119000000001,4487.498750000001,5419.9998,8999.9996
2021-08-26 02:34:03,4488.146,4487.499000000001,2249.9999,2249.9999
2021-08-26 02:34:04,4488.0835,4487.39275,7209.999699999999,9889.9996
2021-08-26 02:34:05,4487.965999999999,4487.439,460.0,2249.9999
2021-08-26 02:34:06,4488.187000000001,4487.511666666666,4959.9998,6749.999699999999
2021-08-26 02:34:08,4488.0287499999995,4487.34275,8999.9996,10779.9996
2021-08-26 02:34:16,4488.0835,4487.542,2709.9999,4499.9998
2021-08-26 02:34:18,4488.061,4487.3465,4499.9998,4499.9998
2021-08-26 02:34:19,4488.0275,4487.469000000001,2709.9999,4499.9998
2021-08-26 02:34:20,4488.0851999999995,4487.397800000001,9459.9996,12139.999499999998
2021-08-26 02:34:30,4487.9265,4487.2390000000005,4499.9998,5389.9998
2021-08-26 02:34:35,4488.062,4487.472,2709.9999,4499.9998
2021-08-26 02:34:37,4487.98225,4487.3495,7209.999699999999,9889.9996
2021-08-26 02:34:38,4488.206,4487.545,2709.9999,4499.9998
2021-08-26 02:34:47,4488.356,4487.7675,2709.9999,4499.9998
2021-08-26 02:34:57,4488.606,4488.040500000001,2709.9999,4499.9998
2021-08-26 02:35:00,4488.599333333333,4487.919166666667,11709.999499999998,15279.999399999997
2021-08-26 02:35:14,4488.264,4487.5435,4499.9998,5389.9998
2021-08-26 02:35:36,4488.3575,4487.7525000000005,2709.9999,4499.9998
2021-08-26 02:35:44,4488.264,4487.545,4499.9998,5389.9998
2021-08-26 02:36:01,4488.401,4487.7390000000005,2249.9999,2249.9999
2021-08-26 02:36:02,4488.264,4487.539000000001,2249.9999,3139.9999
2021-08-26 02:36:03,4488.267,4487.542,2249.9999,2249.9999
2021-08-26 02:36:16,4488.303,4487.645,2709.9999,4499.9998
2021-08-26 02:36:18,4488.252,4487.5495,4499.9998,5389.9998
2021-08-26 02:36:19,4488.34175,4487.71,5419.9998,8999.9996
2021-08-26 02:37:31,4488.664000000001,4487.954000000001,2249.9999,2249.9999
2021-08-26 02:37:32,4488.458,4487.7390000000005,2249.9999,2249.9999
2021-08-26 02:37:35,4488.628,4487.998750000001,5419.9998,8999.9996
2021-08-26 02:37:38,4488.4490000000005,4487.736,2249.9999,2249.9999
2021-08-26 02:37:47,4488.749000000001,4488.054,2249.9999,2249.9999
2021-08-26 02:37:59,4488.789750000001,4488.1585,7209.999699999999,9889.9996
2021-08-26 02:38:00,4488.826000000001,4488.2465,2709.9999,4499.9998
2021-08-26 02:38:01,4488.802,4488.08525,8999.9996,10779.9996
2021-08-26 02:38:05,4488.79,4488.131666666667,4959.9998,6749.999699999999
2021-08-26 02:38:22,4488.8605,4488.236000000001,2709.9999,4499.9998
2021-08-26 02:38:23,4488.755000000001,4488.0465,4499.9998,5389.9998
2021-08-26 02:39:21,4488.655000000001,4487.945,4499.9998,5389.9998
2021-08-26 02:39:22,4488.464,4487.751,4499.9998,5389.9998
2021-08-26 02:39:28,4488.767,4488.099,2249.9999,2249.9999
2021-08-26 02:39:37,4488.4475,4487.748,4499.9998,5389.9998
2021-08-26 02:39:40,4488.6165,4488.0435,2709.9999,4499.9998
2021-08-26 02:39:41,4488.459500000001,4487.7765,4499.9998,5389.9998
2021-08-26 02:40:05,4488.5775,4488.051,2709.9999,4499.9998
2021-08-26 02:40:58,4488.4490000000005,4487.7675,4499.9998,5389.9998
2021-08-26 02:41:00,4488.767,4488.099,2249.9999,2249.9999
2021-08-26 02:41:01,4488.4535,4487.733,4499.9998,5389.9998
2021-08-26 02:41:21,4488.646166666666,4488.006666666667,9919.9996,14389.999399999997
2021-08-26 02:41:42,4488.4535,4487.748,4499.9998,5389.9998
2021-08-26 02:41:44,4488.6105,4488.039000000001,2709.9999,4499.9998
2021-08-26 02:41:48,4488.4655,4487.742,4499.9998,5389.9998
2021-08-26 02:42:12,4488.255000000001,4487.5435,4499.9998,5389.9998
2021-08-26 02:42:13,4488.28275,4487.59575,7209.999699999999,9889.9996
2021-08-26 02:42:18,4488.347,4487.772,2709.9999,4499.9998
2021-08-26 02:42:24,4488.249,4487.5525,4499.9998,5389.9998
2021-08-26 02:42:55,4488.3678,4487.666800000001,11249.999499999998,13029.999499999998
2021-08-26 02:42:56,4488.246,4487.539000000001,2249.9999,2249.9999
2021-08-26 02:42:58,4488.307500000001,4487.6765000000005,2709.9999,4499.9998
2021-08-26 02:42:59,4488.252,4487.542,4499.9998,5389.9998
2021-08-26 02:43:11,4488.361999999999,4487.742,2709.9999,4499.9998
2021-08-26 02:43:18,4488.6075,4488.0765,2709.9999,4499.9998
2021-08-26 02:43:36,4488.461,4487.7390000000005,2249.9999,2249.9999
2021-08-26 02:43:44,4488.619,4487.995,5419.9998,8999.9996
2021-08-26 02:43:52,4488.682000000001,4488.004000000001,7209.999699999999,9889.9996
2021-08-26 02:43:53,4488.401,4487.799,2249.9999,2249.9999
2021-08-26 02:43:54,4488.652,4487.948,2249.9999,2249.9999
2021-08-26 02:43:55,4488.7075,4488.042,2709.9999,4499.9998
2021-08-26 02:43:57,4488.652,4487.945,4499.9998,5389.9998
2021-08-26 02:43:58,4488.67075,4487.98825,7209.999699999999,9889.9996
2021-08-26 02:43:59,4488.715,4488.054,2709.9999,4499.9998
2021-08-26 02:44:01,4488.4235,4487.7765,4499.9998,5389.9998
2021-08-26 02:44:13,4488.631,4487.98825,5419.9998,8999.9996
2021-08-26 02:44:37,4488.868,4488.248,2709.9999,4499.9998
2021-08-26 02:44:46,4489.02,4488.41075,7209.999699999999,9889.9996
2021-08-26 02:45:10,4489.1045,4488.5465,2709.9999,4499.9998
2021-08-26 02:45:11,4488.9535,4488.269,4499.9998,5389.9998
2021-08-26 02:45:19,4489.103,4488.5435,2709.9999,4499.9998
2021-08-26 02:45:38,4488.928,4488.2765,4499.9998,5389.9998
2021-08-26 02:45:43,4489.106,4488.5405,2709.9999,4499.9998
2021-08-26 02:45:47,4488.9490000000005,4488.2435000000005,4499.9998,5389.9998
2021-08-26 02:45:48,4489.0545,4488.436,2709.9999,4499.9998
2021-08-26 02:45:49,4488.9325,4488.251,4499.9998,5389.9998
2021-08-26 02:46:03,4488.758,4488.039000000001,2249.9999,3139.9999
2021-08-26 02:46:04,4488.767,4488.048,2249.9999,2249.9999
2021-08-26 02:46:15,4488.80925,4488.16,7209.999699999999,9889.9996
2021-08-26 02:46:16,4488.859399999999,4488.205,7669.999699999999,12139.999499999998
2021-08-26 02:46:17,4488.9490000000005,4488.242,2249.9999,2249.9999
2021-08-26 02:47:16,4489.0805,4488.539000000001,2709.9999,4499.9998
2021-08-26 02:47:31,4489.280500000001,4488.648,2709.9999,4499.9998
2021-08-26 02:47:32,4489.382,4488.745,2709.9999,4499.9998
2021-08-26 02:47:33,4489.355,4488.6435,4499.9998,5389.9998
2021-08-26 02:47:35,4489.4105,4488.742,2709.9999,4499.9998
2021-08-26 02:47:37,4489.2595,4488.539000000001,4499.9998,5389.9998
2021-08-26 02:47:39,4489.3305,4488.775,2709.9999,4499.9998
2021-08-26 02:47:47,4489.252,4488.539000000001,2249.9999,2249.9999
2021-08-26 02:47:49,4489.300714285715,4488.655285714286,12169.999499999998,16639.999299999996
2021-08-26 02:47:50,4489.2505,4488.572,4499.9998,5389.9998
2021-08-26 02:48:02,4489.3017500000005,4488.63825,7209.999699999999,9889.9996
2021-08-26 02:48:19,4489.359,4488.7525000000005,2709.9999,4499.9998
2021-08-26 02:48:37,4489.2595,4488.5375,4499.9998,5389.9998
2021-08-26 02:49:00,4489.3045,4488.639,2709.9999,4499.9998
2021-08-26 02:49:01,4489.404500000001,4488.739,2709.9999,4499.9998
2021-08-26 02:49:09,4489.603,4489.0405,2709.9999,4499.9998
2021-08-26 02:49:19,4489.76,4489.254,460.0,2249.9999
2021-08-26 02:49:20,4489.958,4489.254,2249.9999,2249.9999
2021-08-26 02:49:35,4489.8640000000005,4489.145,2249.9999,3139.9999
2021-08-26 02:49:36,4489.8859999999995,4489.207666666666,4959.9998,6749.999699999999
2021-08-26 02:49:42,4489.755,4489.039000000001,2249.9999,3139.9999
2021-08-26 02:49:43,4489.823333333333,4489.171333333335,4959.9998,6749.999699999999
2021-08-26 02:49:44,4489.758,4489.0435,4499.9998,5389.9998
2021-08-26 02:49:45,4489.8635,4489.2525000000005,2709.9999,4499.9998
2021-08-26 02:49:46,4489.758,4489.048,4499.9998,5389.9998
2021-08-26 02:50:00,4489.8575,4489.2435000000005,2709.9999,4499.9998
2021-08-26 02:50:03,4489.858,4489.154,2249.9999,3139.9999
2021-08-26 02:50:04,4489.846,4489.142,2249.9999,2249.9999
2021-08-26 02:50:05,4489.757666666667,4489.0813333333335,4959.9998,7639.999699999999
2021-08-26 02:50:06,4489.7972,4489.1152,9459.9996,12139.999499999998
2021-08-26 02:50:07,4489.7505,4489.045,4499.9998,5389.9998
2021-08-26 02:50:38,4489.865142857144,4489.201142857143,12169.999499999998,16639.999299999996
2021-08-26 02:51:09,4489.855,4489.139,4499.9998,5389.9998
2021-08-26 02:51:10,4489.873333333334,4489.181333333334,6749.999699999999,7639.999699999999
2021-08-26 02:51:11,4489.755,4489.099,2249.9999,2249.9999
2021-08-26 02:51:13,4489.8015,4489.1375,2709.9999,4499.9998
2021-08-26 02:51:15,4489.7595,4489.075000000001,4499.9998,5389.9998
2021-08-26 02:51:39,4489.543,4488.85625,8999.9996,10779.9996
2021-08-26 02:51:53,4489.61525,4489.007750000001,5419.9998,8999.9996
2021-08-26 02:52:03,4489.859,4489.197250000001,5419.9998,8999.9996
2021-08-26 02:52:05,4489.79075,4489.11225,8999.9996,10779.9996
2021-08-26 02:52:06,4489.889,4489.228666666667,4959.9998,6749.999699999999
2021-08-26 02:52:08,4489.849,4489.151,2249.9999,2249.9999
2021-08-26 02:52:09,4489.758,4489.033,4499.9998,5389.9998
2021-08-26 02:52:10,4489.793000000001,4489.114666666667,4959.9998,6749.999699999999
2021-08-26 02:52:11,4489.776,4489.1145,7209.999699999999,9889.9996
2021-08-26 02:52:30,4489.4565,4488.742,4499.9998,5389.9998
2021-08-26 02:52:36,4489.610500000001,4489.0405,2709.9999,4499.9998
2021-08-26 02:52:39,4489.4595,4488.773499999999,4499.9998,5389.9998
2021-08-26 02:52:40,4489.523666666667,4488.813666666666,6749.999699999999,7639.999699999999
2021-08-26 02:52:42,4489.50325,4488.87125,7209.999699999999,9889.9996
2021-08-26 02:53:09,4489.3505000000005,4488.651,4499.9998,5389.9998
2021-08-26 02:53:10,4489.367399999999,4488.7002,7669.999699999999,12139.999499999998
2021-08-26 02:53:11,4489.3392,4488.6364,11249.999499999998,13029.999499999998
2021-08-26 02:53:12,4489.3135,4488.646500000001,2709.9999,4499.9998
2021-08-26 02:53:13,4489.253000000001,4488.592000000001,2709.9999,4499.9998
2021-08-26 02:53:26,4489.356,4488.7405,2709.9999,4499.9998
2021-08-26 02:53:27,4489.3035,4488.592000000001,8999.9996,10779.9996
2021-08-26 02:53:30,4489.267333333333,4488.576333333333,6749.999699999999,7639.999699999999
2021-08-26 02:53:35,4489.333500000001,4488.7705000000005,2709.9999,4499.9998
2021-08-26 02:53:36,4489.287333333334,4488.579333333334,6749.999699999999,7639.999699999999
2021-08-26 02:54:26,4489.4490000000005,4488.733,2249.9999,2249.9999
2021-08-26 02:55:32,4489.606,4489.045,2709.9999,4499.9998
2021-08-26 02:55:34,4489.4505,4488.775,4499.9998,5389.9998
2021-08-26 02:55:42,4489.582,4489.0465,2709.9999,4499.9998
2021-08-26 02:55:45,4489.4310000000005,4488.748,4499.9998,5389.9998
2021-08-26 02:55:57,4489.5985,4489.039000000001,2709.9999,4499.9998
2021-08-26 02:56:01,4489.8575,4489.273499999999,2709.9999,4499.9998
2021-08-26 02:56:36,4489.7564999999995,4489.040500000001,4499.9998,5389.9998
2021-08-26 02:56:39,4489.78275,4489.10925,7209.999699999999,9889.9996
2021-08-26 02:56:40,4489.77675,4489.110000000001,7209.999699999999,9889.9996
2021-08-26 02:56:59,4489.8045,4489.1675000000005,2709.9999,4499.9998
2021-08-26 02:57:00,4489.9,4489.248,2709.9999,4499.9998
2021-08-26 02:57:18,4490.0305,4489.440500000001,2709.9999,4499.9998
2021-08-26 02:57:19,4489.967000000001,4489.2390000000005,2249.9999,2249.9999
2021-08-26 02:57:56,4489.726500000001,4489.0375,4499.9998,5389.9998
2021-08-26 02:58:02,4489.807500000001,4489.1525,2709.9999,4499.9998
2021-08-26 02:58:03,4489.761,4489.069,4499.9998,5389.9998
2021-08-26 02:58:36,4489.772,4489.112666666667,4959.9998,6749.999699999999
2021-08-26 02:58:38,4489.78275,4489.107,7209.999699999999,9889.9996
2021-08-26 02:59:02,4489.75425,4489.106250000001,7209.999699999999,9889.9996
2021-08-26 02:59:05,4489.785999999999,4489.104571428571,13959.999399999997,17529.999299999996
2021-08-26 02:59:17,4489.789000000001,4489.111666666667,4959.9998,6749.999699999999
2021-08-26 02:59:35,4489.76,4489.242,460.0,2249.9999
2021-08-26 02:59:36,4489.955,4489.254,2249.9999,2249.9999
2021-08-26 02:59:46,4490.074500000001,4489.5495,2709.9999,4499.9998
2021-08-26 02:59:58,4489.9535,4489.2435000000005,4499.9998,5389.9998
2021-08-26 02:59:59,4490.1134999999995,4489.5405,2709.9999,4499.9998
2021-08-26 03:00:00,4489.934,4489.251,4499.9998,5389.9998
2021-08-26 03:00:04,4490.112,4489.5435,2709.9999,4499.9998
2021-08-26 03:00:07,4490.01775,4489.407,7209.999699999999,9889.9996
2021-08-26 03:00:08,4489.9490000000005,4489.299,2249.9999,2249.9999
2021-08-26 03:00:15,4490.132500000001,4489.489,5419.9998,8999.9996
2021-08-26 03:00:16,4490.161,4489.445,2249.9999,2249.9999
2021-08-26 03:00:18,4490.006333333334,4489.374333333333,4959.9998,6749.999699999999
2021-08-26 03:00:19,4490.2075,4489.545,2709.9999,4499.9998
2021-08-26 03:01:06,4489.959500000001,4489.239,4499.9998,5389.9998
2021-08-26 03:01:08,4490.246,4489.599,2249.9999,2249.9999
2021-08-26 03:01:09,4489.9505,4489.2375,4499.9998,5389.9998
2021-08-26 03:01:10,4490.0605,4489.436,2709.9999,4499.9998
2021-08-26 03:01:11,4489.9490000000005,4489.245,4499.9998,5389.9998
2021-08-26 03:01:42,4489.7565,4489.0735,4499.9998,5389.9998
2021-08-26 03:01:54,4489.946,4489.245,2249.9999,2249.9999
2021-08-26 03:01:56,4489.758,4489.0465,4499.9998,5389.9998
2021-08-26 03:01:58,4489.8045,4489.166,2709.9999,4499.9998
2021-08-26 03:01:59,4489.7565,4489.0735,4499.9998,5389.9998
2021-08-26 03:03:05,4489.853,4489.245,2709.9999,4499.9998
2021-08-26 03:03:19,4489.767,4489.045,4499.9998,5389.9998
2021-08-26 03:03:21,4489.964,4489.242,2249.9999,2249.9999
2021-08-26 03:03:23,4489.7565,4489.039000000001,4499.9998,5389.9998
2021-08-26 03:03:24,4489.785,4489.10325,7209.999699999999,9889.9996
2021-08-26 03:03:43,4489.648999999999,4488.939,4499.9998,5389.9998
2021-08-26 03:03:44,4489.434,4488.7495,4499.9998,5389.9998
2021-08-26 03:03:50,4489.556666666667,4488.967,4959.9998,7639.999699999999
2021-08-26 03:03:51,4489.4490000000005,4488.7390000000005,2249.9999,2249.9999
2021-08-26 03:04:00,4489.557500000001,4488.972,2709.9999,4499.9998
2021-08-26 03:04:01,4489.767,4489.048,2249.9999,2249.9999
2021-08-26 03:04:06,4489.455,4488.775,4499.9998,5389.9998
2021-08-26 03:04:11,4489.612,4489.045,2709.9999,4499.9998
2021-08-26 03:04:15,4489.455,4488.772,4499.9998,5389.9998
2021-08-26 03:04:22,4489.2235,4488.542,4499.9998,5389.9998
2021-08-26 03:04:23,4489.3515,4488.7345000000005,2709.9999,4499.9998
2021-08-26 03:04:52,4489.610500000001,4489.075000000001,2709.9999,4499.9998
2021-08-26 03:04:58,4489.4310000000005,4488.766,4499.9998,5389.9998
2021-08-26 03:06:02,4489.255,4488.551,2249.9999,2249.9999
2021-08-26 03:06:09,4489.362000000001,4488.7345000000005,2709.9999,4499.9998
2021-08-26 03:06:10,4489.278249999999,4488.607,7209.999699999999,9889.9996
2021-08-26 03:06:11,4489.3820000000005,4488.721666666667,9919.9996,14389.999399999997
2021-08-26 03:07:01,4489.364,4488.639,4499.9998,5389.9998
2021-08-26 03:07:02,4489.255000000001,4488.5345,4499.9998,5389.9998
2021-08-26 03:07:03,4489.361333333333,4488.725666666667,9919.9996,14389.999399999997
2021-08-26 03:07:04,4489.234,4488.5465,4499.9998,5389.9998
2021-08-26 03:07:14,4489.356,4488.751,2709.9999,4499.9998
2021-08-26 03:07:15,4489.358,4488.645,4499.9998,5389.9998
2021-08-26 03:07:16,4489.4125,4488.695,4499.9998,5389.9998
2021-08-26 03:07:31,4489.349,4488.646500000001,4499.9998,5389.9998
2021-08-26 03:07:34,4489.279,4488.603999999999,7209.999699999999,9889.9996
2021-08-26 03:07:37,4489.4490000000005,4488.7390000000005,2249.9999,2249.9999
2021-08-26 03:07:55,4489.633500000001,4488.98875,7209.999699999999,9889.9996
2021-08-26 03:07:56,4489.546,4488.8405,4499.9998,4499.9998
2021-08-26 03:07:58,4489.51,4488.84575,7209.999699999999,9889.9996
2021-08-26 03:07:59,4489.6134999999995,4489.0435,2709.9999,4499.9998
2021-08-26 03:08:00,4489.6849999999995,4489.004,7209.999699999999,9889.9996
2021-08-26 03:08:12,4489.464,4488.7525000000005,4499.9998,5389.9998
2021-08-26 03:08:13,4489.582,4489.0509999999995,2709.9999,4499.9998
2021-08-26 03:08:14,4489.658,4488.951,2249.9999,2249.9999
2021-08-26 03:08:15,4489.7075,4489.0405,2709.9999,4499.9998
2021-08-26 03:08:17,4489.4625,4488.7435000000005,4499.9998,5389.9998
2021-08-26 03:08:54,4489.267,4488.5495,4499.9998,5389.9998
2021-08-26 03:10:13,4488.961,4488.299,2249.9999,3139.9999
2021-08-26 03:10:14,4488.958,4488.251,2249.9999,2249.9999
2021-08-26 03:10:35,4489.264,4488.548,2249.9999,2249.9999
2021-08-26 03:10:45,4489.056500000001,4488.358499999999,8999.9996,10779.9996
2021-08-26 03:11:06,4488.867,4488.133,2249.9999,2249.9999
2021-08-26 03:11:07,4488.803,4488.299,460.0,2249.9999
2021-08-26 03:11:08,4488.961,4488.233,2249.9999,2249.9999
2021-08-26 03:11:11,4488.731,4488.039000000001,4499.9998,5389.9998
2021-08-26 03:11:45,4488.459500000001,4487.7495,4499.9998,5389.9998
2021-08-26 03:12:09,4488.5805,4488.075000000001,2709.9999,4499.9998
2021-08-26 03:12:53,4488.458,4487.7765,4499.9998,5389.9998
2021-08-26 03:13:14,4488.767,4488.036,2249.9999,2249.9999
2021-08-26 03:13:24,4488.401,4487.745,2249.9999,2249.9999
2021-08-26 03:14:02,4488.255,4487.5509999999995,4499.9998,5389.9998
2021-08-26 03:14:08,4488.3485,4487.772,2709.9999,4499.9998
2021-08-26 03:14:09,4488.255000000001,4487.542,4499.9998,5389.9998
2021-08-26 03:14:10,4488.2895,4487.59275,7209.999699999999,9889.9996
2021-08-26 03:14:17,4487.958,4487.233,2249.9999,3139.9999
2021-08-26 03:14:18,4487.952,4487.245,2249.9999,2249.9999
2021-08-26 03:14:23,4487.96,4487.533,460.0,2249.9999
2021-08-26 03:14:24,4488.249000000001,4487.545,2249.9999,2249.9999
2021-08-26 03:14:48,4488.353,4487.7435000000005,2709.9999,4499.9998
2021-08-26 03:14:49,4488.261,4487.5435,4499.9998,5389.9998
2021-08-26 03:15:22,4487.946,4487.2465,4499.9998,5389.9998
2021-08-26 03:15:23,4488.118,4487.5419999999995,2709.9999,4499.9998
2021-08-26 03:15:28,4487.961,4487.239,4499.9998,5389.9998
2021-08-26 03:16:06,4488.1,4487.566000000001,2709.9999,4499.9998
2021-08-26 03:16:20,4488.329,4487.772,2709.9999,4499.9998
2021-08-26 03:16:28,4488.258,4487.566000000001,4499.9998,5389.9998
2021-08-26 03:16:36,4488.290333333333,4487.571333333333,6749.999699999999,7639.999699999999
2021-08-26 03:16:37,4488.360500000001,4487.745,2709.9999,4499.9998
2021-08-26 03:16:41,4488.331,4487.646500000001,4499.9998,5389.9998
2021-08-26 03:16:42,4488.413500000001,4487.7675,2709.9999,4499.9998
2021-08-26 03:16:47,4488.609,4488.0765,2709.9999,4499.9998
2021-08-26 03:17:22,4488.451999999999,4487.7375,4499.9998,5389.9998
2021-08-26 03:17:23,4488.5545,4487.942,2709.9999,4499.9998
2021-08-26 03:17:25,4488.755,4488.036,2249.9999,2249.9999
2021-08-26 03:17:55,4488.4565,4487.746499999999,4499.9998,5389.9998
2021-08-26 03:17:57,4488.5485,4487.9525,2709.9999,4499.9998
2021-08-26 03:17:58,4488.709,4488.0419999999995,2709.9999,4499.9998
2021-08-26 03:18:02,4488.455,4487.745,4499.9998,5389.9998
2021-08-26 03:18:06,4488.755,4488.039000000001,2249.9999,2249.9999
2021-08-26 03:18:25,4488.5295,4487.8330000000005,4499.9998,4499.9998
2021-08-26 03:18:41,4488.6075,4488.042,2709.9999,4499.9998
2021-08-26 03:18:57,4488.521666666667,4487.811666666667,6749.999699999999,7639.999699999999
2021-08-26 03:18:58,4488.634749999999,4488.00925,5419.9998,8999.9996
2021-08-26 03:19:18,4488.452,4487.748,4499.9998,5389.9998
2021-08-26 03:19:22,4488.603000000001,4488.045,2709.9999,4499.9998
2021-08-26 03:19:27,4488.512333333333,4487.875333333333,4959.9998,6749.999699999999
2021-08-26 03:19:28,4488.758,4488.051,2249.9999,2249.9999
2021-08-26 03:19:41,4488.4535,4487.7495,4499.9998,5389.9998
2021-08-26 03:19:51,4488.764,4488.054,2249.9999,2249.9999
2021-08-26 03:19:59,4488.4490000000005,4487.7435000000005,4499.9998,5389.9998
2021-08-26 03:20:00,4488.575833333333,4487.912166666667,9919.9996,14389.999399999997
2021-08-26 03:20:01,4488.6545,4488.004000000001,2709.9999,4499.9998
2021-08-26 03:20:02,4488.701,4488.036,2249.9999,2249.9999
2021-08-26 03:20:04,4488.6625,4487.942,4499.9998,5389.9998
2021-08-26 03:20:05,4488.587833333333,4487.912666666666,11709.999499999998,15279.999399999997
2021-08-26 03:20:06,4488.47925,4487.842,7209.999699999999,9889.9996
2021-08-26 03:20:23,4488.526,4487.933,2709.9999,4499.9998
2021-08-26 03:20:24,4488.464,4487.733,4499.9998,5389.9998
2021-08-26 03:20:45,4488.5650000000005,4487.999000000001,2709.9999,4499.9998
2021-08-26 03:20:46,4488.401,4487.742,4499.9998,5389.9998
2021-08-26 03:20:51,4488.568,4487.9375,2709.9999,4499.9998
2021-08-26 03:20:52,4488.4625,4487.745000000001,4499.9998,5389.9998
2021-08-26 03:21:00,4488.252,4487.5465,4499.9998,5389.9998
2021-08-26 03:22:13,4488.361,4487.645,4499.9998,5389.9998
2021-08-26 03:23:26,4488.6075,4488.0509999999995,2709.9999,4499.9998
2021-08-26 03:23:33,4488.556500000001,4487.84425,8999.9996,10779.9996
2021-08-26 03:23:38,4488.574500000001,4488.045,2709.9999,4499.9998
2021-08-26 03:23:45,4488.5415,4487.845,8999.9996,9889.9996
2021-08-26 03:23:46,4488.492,4487.8435,7209.999699999999,9889.9996
2021-08-26 03:23:47,4488.7045,4488.0405,2709.9999,4499.9998
2021-08-26 03:24:35,4488.964,4488.251,2249.9999,2249.9999
2021-08-26 03:24:37,4488.807333333333,4488.1555,9919.9996,14389.999399999997
2021-08-26 03:24:40,4488.753500000001,4488.042,4499.9998,5389.9998
2021-08-26 03:24:41,4488.77075,4488.096500000001,7209.999699999999,9889.9996
2021-08-26 03:24:42,4488.858,4488.154,2249.9999,2249.9999
2021-08-26 03:24:43,4488.915000000001,4488.236,2709.9999,4499.9998
2021-08-26 03:24:44,4488.803666666667,4488.111666666667,6749.999699999999,8529.9997
2021-08-26 03:24:45,4488.749000000001,4488.045,2249.9999,2249.9999
2021-08-26 03:24:47,4488.8605,4488.251,2709.9999,4499.9998
2021-08-26 03:25:32,4489.062,4488.454000000001,2709.9999,4499.9998
2021-08-26 03:25:33,4488.901,4488.251,2249.9999,2249.9999
2021-08-26 03:25:35,4489.109,4488.5735,2709.9999,4499.9998
2021-08-26 03:26:24,4488.958,4488.242,2249.9999,2249.9999
2021-08-26 03:26:41,4489.130999999999,4488.49125,5419.9998,8999.9996
2021-08-26 03:26:44,4488.964,4488.2465,4499.9998,5389.9998
2021-08-26 03:26:48,4488.96,4488.542,460.0,2249.9999
2021-08-26 03:26:49,4489.261,4488.536,2249.9999,2249.9999
2021-08-26 03:27:10,4489.1767500000005,4488.50925,7209.999699999999,9889.9996
2021-08-26 03:27:38,4489.326,4488.7465,2709.9999,4499.9998
2021-08-26 03:27:42,4489.3565,4488.6765000000005,4499.9998,5389.9998
2021-08-26 03:27:43,4489.4490000000005,4488.754,2249.9999,2249.9999
2021-08-26 03:27:47,4489.3475,4488.639,4499.9998,5389.9998
2021-08-26 03:27:48,4489.246,4488.539000000001,2249.9999,2249.9999
